3352 4736
717 327 736 441 (
779 322 860 414 185
900 327 919 442 )

321 532 463 648 Aquae
482 531 701 620 desnllatae
724 543 883 648 frigidae
895 549 1103 650 quantitate
1116 547 1262 654 aequali

207 677 388 768 solvatur,
418 679 557 758 solutio
579 683 742 759 filtretur
765 696 803 758 et
822 688 1086 789 evaporatione
1106 685 1153 762 ad
1175 690 1318 768 siccum
1335 692 1431 767 redi·

207 812 327 902 gatur.
352 799 476 878 Massa
497 801 648 880 obtenta
668 805 756 877 trita
772 801 896 892 adhuc
915 804 1038 882 calens
1057 807 1097 880 in
1109 833 1173 883 aaa
1184 809 1349 885 vitreum
1361 815 1430 886 im-

206 921 391 1011 mittatur,
414 924 456 995 in
475 947 598 1024 eoque
615 921 713 996 bene
728 920 855 998 clauso
869 938 1050 1000 serretur.

257 1037 402 1115 Eodem
417 1039 531 1117 modo
552 1037 625 1114 kali
640 1041 885 1118 carbonicum
897 1045 1115 1120 extrahatur
1133 1073 1284 1126 emessa
1296 1051 1430 1126 carbo-

205 1183 333 1247 necea,
354 1162 395 1234 in
407 1157 651 1236 destillatione
663 1161 792 1234 tartari
810 1161 916 1236 erudi
936 1161 1097 1239 residua.

257 1277 316 1354 Sit
342 1275 595 1370 albissimum,
637 1277 776 1356 salibus
802 1277 1059 1384 heterogeneis
1086 1282 1188 1374 fere,
1223 1300 1322 1364 terra
1353 1287 1430 1366 eili-

99 1441 102 1448 ·
206 1423 271 1476 cea
295 1412 333 1474 et
352 1397 516 1474 clumina
539 1401 694 1476 omnino
718 1395 901 1490 liberum,
931 1402 1171 1508 quodmodo
1194 1407 1430 1514 supradicto

206 1516 374 1620 dignosci
394 1531 532 1622 potest.
1235 1553 1238 1558 ⁸
1475 1529 1477 1536 '

405 1765 543 1868 Kali
594 1755 947 1872 causticam
998 1770 1225 1875 fusum.

276 1933 444 2034 (Hydrus
459 1935 724 2036 kalicnsfircus.
758 1939 867 2037 Lapis
881 1945 1057 2013 cataneus
1073 1939 1363 2044 Chirurgomm.)

263 2085 358 2198 ΚΘΗ
376 2091 598 2178 causticum
616 2091 771 2173 siccum
788 2101 828 2172 in
847 2097 1048 2175 crucibulo
1065 2097 1247 2204 liquefiat.
1276 2103 1378 2179 Tum
1391 2108 1431 2180 in

205 2215 406 2294 modulum
423 2218 572 2296 effimde
592 2232 629 2295 ct
647 2217 804 2295 bacillos
820 2217 901 2322 fere
920 2218 1153 2325 refrigeratos
1173 2224 1296 2298 atatim
1315 2227 1355 2298 in
1367 2207 1430 2301 vas

205 2337 304 2414 bene
321 2336 492 2416 clausum
509 2342 671 2442 ingestos
692 2363 809 2415 serva.

258 2455 317 2534 Sit
333 2455 462 2531 album
482 2470 548 2533 aut
565 2485 700 2562 parum
719 2457 932 2535 flavescens.
967 2459 1026 2534 De
1044 2461 1336 2563 inquinamentis
1356 2462 1426 2540 cfr.

206 2575 291 2650 Kali
308 2580 516 2653 causticum
532 2579 688 2655 siecum.

397 2821 538 2923 Kali
582 2822 935 2948 causticum
978 2824 1233 2924 siceum.

457 2989 598 3088 (Attali
608 2995 814 3063 causticam.
844 2989 1175 3091 Hydraskclicua.)

265 3142 419 3260 Liquor
446 3142 540 3229 Kali
569 3143 732 3228 caustici
763 3167 939 3254 evaporet
963 3153 1003 3227 in
1024 3179 1110 3231 vaae
1134 3151 1279 3242 ferreo,
1312 3153 1431 3234 donec

208 3286 315 3375 gutta
333 3275 373 3348 in
393 3271 588 3350 metallum
610 3273 792 3375 frigidum
814 3270 984 3360 demissa,
1012 3269 1181 3376 perfecte
1200 3289 1428 3352 concrescat.

208 3391 311 3466 Tum
324 3391 489 3480 effunde,
513 3406 552 3468 et
567 3390 731 3468 frustula
745 3388 912 3466 diffracta
930 3390 1053 3468 statim
1064 3393 1105 3468 in
1117 3421 1180 3470 vos
1195 3396 1322 3496 ingere
1334 3421 1377 3470 ac
1391 3398 1432 3470 in

209 3535 255 3586 eo
273 3511 372 3588 bene
391 3507 568 3587 obturato
589 3536 707 3587 serva.

259 3627 319 3706 Sit
338 3627 468 3706 elbum
486 3643 552 3706 aut
570 3657 707 3735 parum
718 3629 933 3721 flavescens,
957 3630 1063 3708 acido
1078 3631 1294 3720 carbonico,
1319 3658 1433 3735 quan

208 3761 292 3844 tum
311 3749 395 3824 fieri
412 3762 561 3854 potest·
580 3748 745 3826 liberum
763 3761 801 3824 et
821 3751 927 3825 terris
952 3777 996 3826 ac
1017 3748 1156 3828 talibus
1178 3748 1432 3856 heterogeneia

210 3883 288 3944 non
318 3871 430 3944 nimia
459 3872 718 3974 inquinatum,
755 3868 860 3972 quod
888 3871 945 3946 uti
968 3873 1009 3944 in
1038 3865 1112 3942 lali
1142 3868 1344 3948 carbonico
1376 3871 1432 3956 di-

210 3989 412 4090 ffroscitur.

1157 4107 1228 4183 Aa
