3352 4736
747 359 949 476 (ιιι)

283 577 330 651 Ιιι
357 575 531 650 extractis
550 572 642 676 ligni
666 561 824 676 Guajaei
851 585 889 648 et
906 569 1087 668 Quassiae
1112 571 1304 676 parandis,
1333 599 1463 650 versus

234 695 349 772 finem
370 695 643 799 evaporationis
663 691 820 768 addatur
842 689 1055 797 pauxillum
1078 694 1230 796 spiritus
1251 693 1331 767 riui
1352 693 1463 768 recti·

233 813 435 892 beatissimi
454 827 492 889 et
505 814 750 890 continuetur
764 815 995 918 evaporatio,
1014 825 1060 888 ιιι
1077 809 1141 888 fiat
1154 823 1364 888 extractum
1377 837 1464 889 con·

235 936 422 1012 sistentiae
441 929 661 1036 aequabilis.

232 1217 608 1318 Extractum
662 1211 901 1318 Chinae
957 1213 1169 1318 fuscae
1223 1209 1462 1356 frigide

690 1402 1000 1522 paratum.

232 1585 290 1668 R.
345 1581 518 1670 Corticis
539 1580 690 1670 Chinae
711 1581 844 1668 fuscae
871 1593 913 1667 in
943 1589 1140 1696 pulverem
1167 1589 1462 1695 grossiusculum

796 1721 936 1798 redacti
966 1710 1110 1795 libram
1129 1739 1268 1823 unam,

304 1933 308 1938 ,
346 1843 487 1959 Aquae
508 1841 727 1927 destillatae
746 1864 933 1955 quantum
957 1851 1058 1940 satis,

230 1987 276 2051 ut
295 2002 393 2077 aqua
415 2001 529 2078 supra
541 1969 746 2078 pulverem
766 1971 812 2046 ad
833 1969 1012 2074 pollicem
1031 1995 1155 2072 usque
1176 1972 1350 2047 emineat.

281 2095 390 2171 Stent
410 2122 479 2198 per
500 2091 611 2169 horas
633 2079 895 2198 quadraginta
909 2103 1021 2191 oct0,
1047 2092 1194 2198 saepius
1211 2091 1396 2195 agitando,
1422 2106 1460 2168 et

230 2213 360 2316 liquor
378 2215 622 2317 exprimatur.
652 2212 755 2290 Haec
773 2213 942 2318 operatio
961 2211 1019 2286 bis
1038 2223 1143 2286 terve
1161 2223 1365 2314 repetatur.
1400 2213 1460 2288 Li·

230 2357 368 2436 quores
391 2335 557 2436 expressi
580 2347 618 2408 et
645 2331 757 2409 colati
784 2335 824 2408 in
852 2331 987 2407 balneo
1010 2331 1159 2435 vaporis
1187 2329 1232 2405 ad
1253 2331 1459 2435 melluginis

230 2453 511 2529 consistentiam
524 2449 657 2526 leniter
671 2463 889 2555 evaporant.
916 2451 1077 2526 Massam
1091 2445 1343 2552 refrigeratam
1357 2449 1459 2550 dilue
1520 2519 1524 2526 .

344 2592 484 2705 Aquae
504 2587 724 2674 destillatae
739 2623 781 2673 aa
803 2599 1010 2701 quantitate

228 2752 274 2816 ut
297 2737 428 2814 filtrari
452 2741 582 2843 possit.
624 2739 714 2814 Post
740 2735 981 2811 filtrationem
1007 2761 1076 2838 per
1101 2733 1267 2812 chartam
1287 2735 1457 2814 bibulam

227 2857 358 2962 liquor
370 2861 507 2936 iterum
521 2861 561 2936 iu
575 2855 711 2934 balneo
726 2856 873 2960 vaporis
892 2853 937 2929 ad
956 2853 1161 2958 mellaginis
1180 2859 1457 2935 consistentiam

228 2981 449 3082 inspissetur
476 2993 514 3055 et
540 2981 708 3083 operatio
734 2987 941 3080 repetatur,
971 2973 1092 3052 donee
1118 2989 1328 3054 extractum
1353 2976 1456 3055 solu·

228 3099 332 3172 tione
361 3095 515 3202 limpida
545 3095 725 3174 solvatur.
772 3095 887 3173 Serva
918 3097 957 3168 in
987 3097 1082 3172 vasis
1107 3097 1234 3174 vitreis
1264 3096 1362 3174 bene
1387 3097 1455 3176 ob-

228 3219 374 3294 turatis.

279 3335 338 3413 Sit
350 3333 516 3424 fuscum,
541 3363 630 3410 cunr
642 3363 740 3440 aqua
752 3331 980 3411 solutionem
997 3332 1191 3438 limpidam
1207 3335 1455 3414 naso-fuscam

227 3455 425 3562 praebens.
453 3451 684 3558 Plerumque
700 3455 949 3534 sedimentum
963 3453 1221 3561 crystallinum
1233 3455 1401 3562 deponit.

277 3593 420 3670 Eodem
438 3591 553 3668 modo
573 3606 754 3698 parentur
774 3607 812 3668 et
834 3607 1054 3670 serventur:

226 3735 602 3840 Extractum
659 3731 898 3866 Chinao
956 3735 1162 3876 regiae
1216 3731 1453 3878 frigide

789 3903 1110 4024 paratum,
1148 3903 1383 4010 praecedenti
1409 3907 1453 3980 si·

787 4039 878 4116 mile
894 4034 940 4116 'et
