3352 4736
665 383 938 500 1‹1⁶⁵)

299 571 303 580 ¹
446 573 859 703 ¹Extractum
910 599 1186 704 Aconiti.

219 799 279 884 R.
333 795 491 882 Herbae
516 797 684 882 Aconiti
708 795 854 882 libram
872 827 1011 882 unam.

271 930 453 1010 Conoisae
472 931 624 1009 affunde

335 1057 507 1174 Spiritus
528 1057 626 1146 Vini
645 1055 855 1144 rectifieati
874 1056 995 1142 libras
1014 1059 1211 1174 quinque.

269 1215 408 1320 Digere
432 1243 501 1321 per
532 1209 724 1322 tringinta
744 1237 812 1292 sex
838 1215 885 1290 ad
911 1205 1172 1322 quadraginta
1196 1225 1293 1292 octo
1318 1215 1443 1304 horas,

219 1339 388 1440 exprime
409 1351 447 1414 et
465 1335 655 1442 liquorem
675 1364 897 1444 expressum
916 1366 960 1414 ac
979 1335 1163 1415 filtratum
1183 1365 1336 1446 sepone.
1372 1337 1447 1413 Re·

218 1451 335 1534 siduo·
348 1456 498 1533 affunde

254 1627 260 1634 ·
333 1595 473 1712 Aquae
493 1598 723 1682 communis
748 1605 916 1684 fervidae
943 1597 1063 1682 libras
1085 1595 1228 1682 decem

218 1766 258 1828 et
283 1779 423 1858 sepone
447 1781 517 1859 per
534 1749 707 1859 triginta
730 1777 797 1833 sex
829 1757 877 1833 ad
913 1743 1173 1862 quadraginta
1193 1767 1289 1832 octo
1317 1753 1442 1841 horas,

218 1871 379 1950 subinde
397 1877 582 1979 agitando.
612 1879 806 1982 Expaime.
839 1877 943 1953 Tum
954 1875 1098 1981 liquori
1116 1905 1275 1981 aquoso,
1295 1875 1445 1952 modico

219 1989 344 2072 calore
363 1993 408 2070 ad
428 1999 578 2072 tertiam
599 2009 745 2102 partem
763 1995 922 2102 reducto
943 2011 982 2072 et
1000 1995 1236 2099 refrigerato,
1260 1995 1421 2072 admisce

332 2133 531 2249 Spintum
550 2135 647 2224 Vini
667 2123 951 2246 rectificatum,

218 2283 400 2386 quamdiu
421 2283 508 2362 inde
526 2283 719 2362 turbatur.
761 2281 927 2388 Sepone,
954 2283 1075 2360 donec
1100 2281 1266 2362 miscella
1289 2281 1445 2390 limpida

216 2403 348 2496 fuerit,
370 2417 454 2481 tum
471 2403 759 2482 decanlhatione
772 2417 811 2480 et
823 2401 1275 2484 iiltmtioneasedimento
1288 2402 1444 2482 liberata
1467 2445 1469 2460 =

218 2541 256 2601 et
279 2524 441 2602 admixta
460 2529 625 2602 tinctura
649 2553 763 2630 supra
789 2525 888 2600 diota
909 2523 1046 2601 blanda
1070 2523 1318 2632 destillatione
1336 2528 1443 2630 spiri·
1530 2611 1533 2620 Ι

217 2659 302 2722 tum
321 2649 401 2722 vini
427 2645 534 2723 elice.
579 2645 790 2722 Residuum
816 2643 968 2720 tandem
993 2648 1033 2720 in
1060 2643 1197 2721 balneo
1221 2647 1372 2749 vaporis
1397 2644 1443 2719 ad

218 2769 375 2844 extracti
388 2765 579 2844 Absinthii
601 2763 881 2872 spissitudinem
906 2779 1098 2869 evaporet.
1137 2767 1238 2842 Bene
1264 2792 1307 2842 ac
1333 2780 1443 2841 caute

218 2913 336 2965 senua.

267 3023 412 3106 Eodem
426 3025 550 3103 ,modo
576 3041 778 3133 parentur:

217 3155 590 3260 Extractum
629 3152 991 3298 Angelicae,

625 3339 897 3440 Arnicae
936 3332 1182 3458 radicis,
1395 3463 1403 3474 Ι

625 3521 1089 3624 Aurantiorum
1127 3519 1435 3637 corticum,

454 3707 457 3714 ⁴
610 3698 1076 3828 ¹Belladonnae,

625 3885 888 4006 Calami,

624 4067 860 4174 Chinae
885 4093 1145 4198 spirituosum,
