3428 4742
780 353 800 467 (
840 349 896 442 27
937 353 956 466 )

250 564 561 682 Camphora.
622 562 861 681 Kamplter.

506 756 755 854 Pmepcmtur·
775 755 812 826 in
830 753 988 853 Japom'a
1004 751 1250 848 sublimatione
1269 779 1290 824 e
1308 756 1415 825 ramis
1422 753 1485 854 fo·

505 876 631 978 lisque
662 861 804 946 Lauri
832 861 1095 980 Camplzome
1117 861 1260 960 Linns
1275 874 1407 946 arbores
1426 875 1485 947 ibt·

503 993 586 1068 dem
612 995 813 1094 eitdt‘genae.
854 996 882 1070 I
879 1023 904 1070 n
920 996 1074 1095 Eumpa
1092 997 1219 1068 iterata
1238 993 1484 1068 subhittatzbne

506 1115 716 1215 depuratur.

403 1281 542 1358 Resina
573 1279 754 1371 volatilis,
793 1285 835 1356 in
867 1278 1049 1388 placentis
1080 1277 1321 1370 orbiculatis,
1367 1307 1482 1386 supra

355 1399 654 1479 convexis'infra
676 1403 867 1491 concavis,
896 1398 999 1491 alba,
1026 1401 1162 1490 nitida,
1189 1396 1399 1503 pellucida,
1427 1398 1481 1478 le-

351 1525 426 1611 vis,
456 1495 741 1627 pinguiustlula,
770 1521 897 1598 odoris
921 1522 1068 1626 proprii
1093 1518 1396 1622 fragrantissimi,
1424 1547 1481 1598 sa·

267 1703 270 1706 -
351 1643 457 1746 poris
493 1643 588 1718 acris
623 1643 838 1729 aromatici,
878 1643 919 1715 in
952 1645 1037 1716 aire
1070 1636 1324 1744 temperatura
1359 1639 1481 1716 media

350 1761 462 1866 plane
487 1759 659 1852 avolans,
692 1758 769 1836 leni
800 1762 887 1864 igne
915 1757 1059 1864 liquata
1089 1758 1163 1836 olei
1190 1761 1308 1836 instar
1331 1759 1475 1851 fluens,

351 1907 503 1959 accensa
542 1881 685 1984 absque
722 1880 875 1958 residuo
916 1879 1142 1982 deflagrans,
1190 1883 1230 1954 in
1274 1907 1372 1984 aqua
1413 1909 1498 1986 pa-v

353 2030 462 2090 rum,
496 1998 561 2076 sed
591 2004 631 2074 in
662 2002 797 2104 spiritu
820 2002 900 2074 vini
926 2025 997 2074 nec
1023 2025 1102 2074 non
1132 2001 1173 2073 in
1202 1997 1413 2076 aetheribus
1440 2015 1478 2078 et
1525 2027 1532 2039 ·
1577 2037 1579 2042 v

181 2169 189 2186 ·
352 2125 393 2196 in
424 2118 537 2210 oleis,
571 2133 657 2196 tum
687 2121 929 2224 unguinosis,
967 2131 1052 2194 tum
1082 2117 1284 2208 aethereis,
1318 2147 1366 2195 ex
1385 2133 1478 2197 toto

329 2239 538 2318 solubilis.

249 2467 464 2558 Cancer.
497 2467 738 2586 Lapides·
797 2469 1083 2570 Krebssteine.

510 2667 768 2742 concremata
780 2693 801 2738 c
812 2665 1011 2739 ventriculo
1024 2651 1334 2740 CancriAslact'
1340 2653 1473 2742 Lina.

502 2789 581 2859 aare
609 2773 761 2860 Astaci
783 2773 1021 2888 fluviatilis
1055 2775 1270 2887 Fabricii,
1312 2787 1475 2861 animalis

503 2911 680 2980 crustacei
706 2911 933 2982 Germam'ae.

399 3075 545 3156 Calculi
568 3075 658 3171 albi,
687 3077 902 3169 orbiculati,
930 3106 1044 3184 supra
1065 3082 1238 3167 convexi,
1263 3079 1364 3156 infra
1385 3068 1474 3156 cum

349 3201 518 3302 margine
544 3197 688 3276 clevato
714 3202 888 3289 concavi,
916 3211 1087 3276 texturae
1110 3197 1335 3276 lamellosae.
1378 3199 1475 3276 Con·

348 3331 448 3395 sunt
485 3323 705 3424 praesertim
739 3347 760 3396 e
795 3317 950 3396 calcaria
988 3318 1189 3396 carbonica
1227 3333 1264 3396 et
1297 3319 1470 3424 gelatina,

348 3443 450 3541 quae'
489 3452 577 3543 post
621 3436 849 3516 solutionem
895 3443 935 3515 in
979 3453 1085 3517 aceto
1130 3453 1372 3518 concentrato
1414 3467 1471 3515 rc-

347 3570 486 3636 mmet.

111 3931 116 3941 ,
247 3842 464 3930 canella
501 3844 634 3930 alba.
699 3847 890 3930 Weiser
916 3842 1096 3994 Zirnmt.

304 4029 480 4115 Cauella
507 4030 607 4116 alba
636 4027 834 4143 Munuy.
887 4043 1035 4115 Fraus
1060 4040 1306 4233 ngar'censis.

1145 4181 1163 4232 a
