3428 4742
775 351 890 468 (26
930 356 949 466 )

246 567 513 686 Cajeputi.
549 565 750 655 Oleum.
812 565 1048 682 Cojeputiil.

500 761 664 832 Paratur
686 755 919 829 destillatione
945 758 982 828 iu
1007 752 1118 827 Indae
1143 753 1307 826 orreumli
1322 781 1344 826 e
1365 760 1473 828 romu

499 903 536 960 et
563 886 663 987 solcis
700 875 969 962 Medoleucoe
1005 871 1300 962 Leucadeuclri
1335 871 1469 959 Liuio.

500 1009 710 1082 adseculae
735 1009 861 1084 ibidem
886 1011 1085 1110 indigenae.
1149 1013 1152 1020 ’

398 1167 538 1247 Oleum
559 1169 778 1247 aethereum
797 1185 926 1262 tenue,
947 1171 1174 1278 plerumque
1194 1167 1326 1258 viride,
1349 1171 1472 1246 rarius

346 1289 570 1380 flavescens,
613 1291 739 1368 odoris
774 1291 974 1396 fragrantis
1008 1292 1290 1398 camphoracei,
1329 1289 1471 1396 saporis

347 1412 453 1486 acris·
470 1425 507 1486 et
532 1414 740 1489 aromatici.
781 1414 824 1489 P.
841 1441 898 1518 sp.
913 1447 958 1484 =
973 1423 1009 1503 0,
1022 1415 1110 1488 926.
1164 1410 1281 1508 Quod
1307 1427 1472 1516 cuprum

347 1531 529 1620 continet,
557 1558 636 1608 non
657 1535 727 1608 nisi
748 1532 795 1608 ad
814 1530 942 1610 oleum
961 1532 1209 1610 rectificatum
1229 1529 1317 1608 inde
1336 1559 1470 1636 paran-

347 1649 440 1726 dum
465 1665 532 1726 aut
556 1651 601 1726 ad
628 1679 743 1729 usum
767 1667 967 1730 externum
992 1653 1226 1732 adhibeatur.

244 1837 505 1930 Calamus.
539 1842 719 1932 Radix.
779 1819 1140 1934 Kolmustuunel.

301 1991 470 2076 Aoorus
511 1993 713 2080 &lomus
750 1995 886 2082 Liuu.
939 2007 1078 2082 Planta
1106 2009 1273 2110 perennis
1300 2005 1470 2106 palustris

301 2126 529 2200 Germaniae.
1424 2211 1425 2216 .

397 2249 518 2326 Radix
543 2252 750 2356 (rhizoma)
775 2253 995 2361 cylindrica,
1023 2233 1247 2358 compressa,
1275 2249 1466 2342 annulata,

345 2371 508 2447 crassitie
534 2373 865 2479 uni-hipollicari,
894 2390 1002 2453 extus
1024 2376 1146 2451 virens
1172 2373 1380 2464 rubensve,
1408 2401 1468 2447 ra·

345 2489 481 2567 diculis
506 2493 674 2572 abscissis
698 2497 916 2588 cicatricem,
945 2499 1047 2574 intus
1066 2493 1150 2570 alba
1170 2495 1383 2601 spongiosa,
1412 2520 1468 2570 sa·

278 2641 282 2648 ·
344 2614 448 2716 poris
475 2616 591 2690 amari
617 2628 655 2691 et
680 2619 891 2707 aromatici,
923 2619 1052 2695 odoris
1078 2619 1186 2721 grati.
1239 2611 1469 2718 Plerumque

345 2729 522 2838 deglupta
553 2750 591 2812 et
626 2733 950 2842 longitudinaliter
983 2743 1096 2814 scissa
1130 2748 1287 2842 prostat.
1350 2731 1467 2811 Colli·

344 2854 464 2956 genda
488 2881 573 2932 sero
599 2873 806 2934 auctumno
832 2873 898 2934 aut
922 2885 1024 2935 vere.

105 3153 108 3158 .
242 3083 482 3188 Calcaria
510 3105 626 3168 usta
661 3122 727 3172 seu
757 3083 884 3172 Cala
913 3044 1055 3172 viva.
1112 3083 1467 3198 Oxydumcalci-

220 3243 227 3260 '
298 3249 412 3302 cram.
478 3218 746 3303 Gebrouuter
766 3216 901 3302 Kella.
1001 3251 1004 3263 ·

496 3407 744 3506 Praeparetur
781 3410 819 3482 iu
849 3406 1061 3508 firmandus
1099 3405 1258 3479 calcariis
1297 3433 1319 3478 e
1348 3403 1467 3506 lapide

496 3525 646 3599 calcarz'o
672 3530 821 3600 ustione.
901 3559 909 3572 ·

393 3702 504 3806 Lapis
529 3697 703 3788 friabilis,
719 3728 722 3734 ·
740 3697 901 3790 albidus,
936 3727 1025 3777 cum
1051 3729 1150 3806 aqua
1177 3697 1402 3776 incalescens
1429 3711 1467 3775 et

343 3819 558 3930 difficillime
589 3818 774 3897 solubilis.
816 3819 971 3900 Constat
996 3849 1017 3898 e
1044 3835 1144 3897 terra
1171 3817 1327 3897 calcaria
1357 3847 1466 3924 saepe

343 3940 423 4018 aliis
456 3945 561 4020 terris
595 3955 632 4019 et
664 3941 768 4020 ferro
797 3943 960 4051 oxydato
992 3946 1122 4018 mixta.
1177 3941 1224 4018 In
1248 3943 1343 4019 vasis
1368 3941 1466 4018 bene

344 4061 476 4140 clausis
503 4077 686 4142 servetur.
