3346 4722
761 321 965 440 (292)

281 542 655 652 Extractum
693 537 878 680 Ligni
916 538 1447 686 Campechiensis

301 720 460 794 Paretur
478 721 538 794 uti
558 731 765 794 exo-actum
790 715 1027 796 Cssoarillae.

303 835 362 916 Sit
375 840 531 928 siecum,
556 836 768 944 splendens,
793 836 929 917 coloris
943 863 964 916 e
979 839 1141 916 rubente
1155 841 1266 944 nigri,
1291 837 1480 918 solutione

253 960 406 1062 ineque
425 957 541 1034 calido
560 955 831 1050 fusco-rubra,
854 958 935 1039 fere
955 956 1134 1065 limpido..

303 1084 448 1160 Eodem
464 1084 579 1161 modo
595 1099 772 1190 paretur:

254 1216 603 1320 Extractum
641 1209 964 1338 Ratanhae,
996 1241 1151 1329 siceum,
1181 1239 1393 1344 splendens,
1415 1267 1478 1317 co

760 1357 854 1435 loris
868 1362 1007 1462 enigro
1020 1359 1110 1448 rufi,
1130 1358 1317 1438 solutione
1330 1363 1371 1436 in
1383 1386 1479 1464 aquo

762 1475 1160 1569 calidafusco-iobra,
1187 1478 1351 1556 turbida.

255 1704 576 1846 Extractum
596 1707 1082 1811 Nuc.Vomicarum
1100 1710 1475 1854 spirituosum.

242 1859 322 1978 ⁴R}
368 1892 533 1979 Nucum
548 1887 812 1982 Vomicarum
834 1914 1077 2008 raspatarum
1102 1917 1291 2008 quantum
1304 1901 1441 2009 placet,¹

371 2023 543 2139 Spiritus
557 2022 655 2112 Vini
677 2021 996 2110 rectificatissimi
1021 2047 1208 2137 quantum
1226 2035 1360 2110 sufficit

256 2159 301 2254 ut
315 2165 432 2252 nuces
446 2190 631 2280 contegat.
660 2175 798 2280 Digere
810 2203 878 2281 per
895 2166 1055 2277 triginta
1068 2171 1136 2248 s‘ex
1149 2165 1280 2274 hortm,
1308 2201 1373 2252 vas
1390 2176 1478 2253 sub·

255 2297 342 2372 inde
359 2297 545 2399 agitando.
574 2297 676 2370 Tum
693 2296 916 2372 decsnthsto
931 2293 1078 2398 liquore
1091 2293 1284 2370 residuum
1297 2299 1476 2400 exprime.

255 2415 513 2517 Digestionem
531 2428 672 2518 repete,
701 2413 822 2490 donec
840 2417 995 2519 spiritus
1016 2411 1125 2490 null'o
1149 2411 1277 2526 colore
1294 2411 1479 2518 nulloque

256 2561 389 2640 sapore
409 2532 610 2610 inficiatur.
653 2533 837 2634 Liquores
861 2535 998 2609 mixtos
1025 2559 1094 2636 per
1121 2531 1285 2608 chartam
1306 2531 1477 2612 bibulum

257 2651 414 2731 filtratos
439 2650 583 2756 subjice
609 2649 847 2729 destillationi
873 2652 919 2728 sd
947 2659 1108 2756 quartae
1131 2641 1252 2753 partis
1285 2679 1479 2730 remanen-
1525 2677 1531 2688 ·

145 2813 148 2822 ⁴
256 2777 361 2866 tiam,
390 2799 487 2878 quse
505 2772 591 2848 dein
605 2773 645 2846 in
659 2769 795 2848 balneo
808 2773 958 2877 vaporis
975 2769 1023 2845 od
1037 2772 1314 2859 consistentiam
1326 2777 1480 2852 extracti

257 2896 440 3000 spissioris
460 2875 649 2996 evaporet.
688 2891 808 2971 Caute
828 2917 945 2969 servo.

308 3013 367 3090 Sit
388 3009 525 3090 coloris
546 3039 567 3086 e
586 3011 696 3086 viridi
716 3009 828 3100 fusci,
852 3009 1040 3090 solutione
1060 3009 1100 3084 in
1118 3037 1217 3115 equo
1235 3009 1401 3102 turbido,
1424 3039 1479 3089 sa·

257 3131 361 3237 poris
380 3131 577 3234 perornari.

301 3413 305 3422 .
403 3325 629 3427 Farina
664 3321 1325 3471 Hordeipraeparata.

259 3515 318 3600 R·
372 3513 533 3600 Furinae
551 3507 705 3598 Hordei
724 3535 909 3624 quantum
924 3517 1045 3597 lubet.

307 3651 473 3728 Immitte
493 3652 534 3726 in
553 3674 704 3726 soccum
722 3645 901 3738 linteum,
936 3661 974 3722 et
997 3645 1157 3754 ligatura
1183 3649 1235 3724 iu
1260 3643 1406 3740 claude,
1434 3662 1479 3726 ut

260 3773 358 3847 inter
388 3769 548 3845 ferinam
569 3781 606 3845 et
632 3765 830 3872 ligaturam
855 3751 1017 3870 spatium
1046 3777 1219 3872 quatuor
1236 3769 1382 3845 circiter
1394 3757 1479 3872 pol·

260 3880 456 3966 licumsit.
486 3875 1204 3990 SoccusinvsseidoueoinfrsAquam
1217 3901 1479 3960 communem

260 4009 521 4116 suspendetur,
538 4010 591 4085 ita
602 4021 647 4084 ut
658 4007 816 4111 parietes
827 4029 906 4082 non
918 4005 1085 4107 attingat,
1105 4017 1188 4080 tum
1199 4023 1272 4109 per·
1285 4015 1479 4110 quotuor·

1644 4005 1646 4032 i

1645 4165 1646 4188 t
