3392 4742
760 332 1101 449 (160),·

109 632 118 656 ,
286 540 720 692 Emplastrum
764 547 1016 682 fuscum
1060 597 1126 648 seu
1162 517 1435 693 nigrum.
1500 667 1501 672 Ν

305 709 569 812 (Emplastmm
589 712 778 798 Non'ewn.
814 712 1064 812 Emplastrum
1085 715 1197 790 Mart·
1217 713 1417 817 adustum.)

246 866 305 950 R.
360 861 482 952 Minii
500 869 742 948 subtilissime
755 871 943 978 pulverati
964 869 1101 953 uncias
1110 829 1229 982 ⁴0010,
1307 911 1311 922 ·

359 993 453 1082 Olei
471 992 684 1082 Olivamm
700 995 838 1080 uncias
856 994 1049 1083 sedecim.

295 1133 342 1208 In
355 1131 478 1210 lebete
496 1131 634 1207 idoneo
654 1147 869 1234 coquantur
886 1135 958 1210 sub
976 1150 1160 1242 perpetua
1178 1138 1398 1239 agitatione,¹
1415 1137 1477 1213 do-

245 1279 316 1330 nec
334 1250 499 1330 colorem
520 1279 541 1328 e
561 1254 795 1354 nigrescente
814 1251 967 1330 fuscum
986 1255 1203 1362 adipiscent.
1233 1257 1336 1333 Tum
1358 1257 1451 1334 adde
1614 1304 1616 1312 ‹

358 1379 480 1470 Cerae
497 1379 622 1466 flavae
639 1380 777 1466 uncias
793 1403 970 1496 quatuor

247 1536 284 1596 et
303 1517 363 1596 his
382 1517 535 1622 liquatis
557 1530 596 1594 et
614 1518 793 1594 immixtis

307 1681 308 1684 ¹
359 1645 609 1761 Carnphorae
628 1655 670 1730 in
688 1651 858 1759 paunllo
878 1645 1053 1761 Spiritus
1072 1647 1169 1734 Vini
1180 1647 1397 1734 rectificati
1419 1685 1475 1736 se

702 1822 705 1832 ·
803 1784 906 1864 lutae
930 1777 1137 1864 drachmas
1156 1777 1269 1864 duas.

295 1925 414 2002 Mixta
441 1921 593 2001 effunde
617 1925 658 1999 in
685 1921 854 2028 capsulas
878 1953 1104 2032 papyraceus
1123 1941 1265 2034 etpost
1285 1925 1475 2034 refrigera·

194 2049 196 2054 ’
245 2049 387 2124 tionem
401 2049 442 2120 in
460 2043 612 2148 taleolas
634 2046 788 2124 dissecta
807 2047 905 2124 bene
921 2074 1040 2124 serva.
1362 2137 1368 2142 ,

296 2165 355 2244 Sit
381 2163 518 2246 coloris
543 2193 658 2271 supra
683 2167 794 2256 dicti,
829 2167 1089 2245 consistentiae
1120 2169 1232 2242 cerati
1260 2169 1471 2259 tenacioris,

138 2339 141 2346 ·
246 2283 491 2391 camphoram
515 2285 627 2362 valde'
649 2285 837 2364 redolens.

142 2509 145 2523 '
248 2619 251 2639 Ι
403 2502 836 2650 Emplastrum
885 2498 1307 2648 Hydrargyri.

601 2673 864 2774 (Emplastrum
885 2671 1118 2773 nsemuriale.)
1248 2790 1259 2804 .
1353 2651 1361 2668 ⁸

243 2831 303 2914 R.
359 2825 577 2942 Emplastri
620 2827 846 2945 Lithargyri
894 2825 1086 2942 simplicis
1142 2827 1280 2912 uncias
1328 2827 1473 2938 viginti

166 2965 173 2980 '
390 2993 395 3001 ·
677 2989 680 2998 ·
806 2977 995 3075 quatuor,

352 3087 474 3174 Cerae
497 3089 622 3172 flavae
645 3090 783 3174 uncias
803 3118 887 3174 sex.
934 3188 938 3196 ‚

234 3217 236 3224 ¹
294 3235 512 3340 Liquentur
532 3233 609 3313 leni
631 3233 769 3328 calore,
797 3235 884 3314 dein
906 3237 954 3318 ab
974 3238 1060 3338 igne
1079 3238 1234 3313 remotis
1253 3235 1345 3313 adde

356 3369 606 3486 Hydrargyri
630 3372 813 3489 depurati
835 3381 975 3477 uncias
995 3395 1108 3487 octe,

327 3513 329 3520 ’
357 3503 670 3590 Terebinthinae
694 3505 923 3590 cdmmunis
946 3507 1076 3592 unciis
1089 3527 1279 3622 quaeror,

91 3618 96 3629 .
155 3681 160 3686 ·
243 3668 351 3731 antea
375 3651 546 3758 diligenti
572 3654 774 3757 agitatione
793 3644 986 3739 extinctas.
1032 3653 1150 3732 Misce
1173 3667 1315 3744 exacte,
1342 3667 1388 3730 ut
1408 3651 1473 3730 fiat

243 3771 504 3878 emplastrum.

294 3892 353 3968 Sit
372 3895 579 3986 cinereum,
608 3906 794 3998 quantum
808 3892 890 3968 fieri
902 3905 1039 3998 potest,
1062 3891 1205 3996 absque
1223 3890 1387 3996 globulis
1406 3891 1473 3998 hy·

244 4012 412 4116 drargyri
432 4015 663 4120 conspicuis,
687 4009 985 4092 molliusculum.
