3428 4742
751 312 950 424 ‹uu›

70 549 73 598 ³
237 570 466 690 parationis
505 523 772 686 quorundam
797 569 1211 658 medicamentorum
1257 573 1462 667 indicatus

238 769 318 856 est,
338 783 445 874 quae
467 769 539 840 aut
558 759 699 841 rarius·
717 783 741 840 a
761 751 938 844 Medicis
950 771 1176 874 petuntur,
1202 775 1291 861 aut,
1317 766 1463 852 sisae·

237 939 349 1064 ptosJ
389 955 531 1030 tamen
566 941 755 1030 celeriter
788 947 927 1058 parari
959 973 1037 1032 nec
1071 943 1226 1032 diutius
1253 951 1463 1035 asservari
1601 1011 1605 1020 -

238 1143 426 1248 possunt„
474 1125 595 1214 Utile·
616 1125 738 1215 nobis
764 1132 902 1216 visum
930 1105 1010 1232 est,
1036 1125 1139 1219 haec
1158 1131 1463 1221 medicamenta

239 1315 423 1435 qualibet
452 1317 497 1400 in
530 1309 697 1400 officina
725 1313 873 1403 eadem
902 1312 1106 1404 methodo
1136 1333 1206 1404 aut
1233 1319 1463 1406 secundum

240 1497 418 1592 eandem
458 1499 768 1589 ordinationem
801 1498 967 1601 confici,
1009 1533 1097 1590 nec
1136 1533 1242 1622 opus
1283 1509 1379 1602 erit,
1408 1515 1465 1590 ut

237 1685 572 1806 Pharmacopola
601 1685 812 1775 formulas·
839 1685 963 1776 hasce
996 1719 1046 1776 ex
1066 1688 1173 1776 aliis
1212 1689 1340 1776 libris
1368 1721 1464 1776 con·

240 1881 394 1996 quirat,
419 1902 524 1993 quae
543 1869 613 1994 hic
631 1877 713 1992 ipsi
732 1823 900 1992 praesto
920 1889 1027 1962 sunt.
1062 1871 1189 1962 Nrdlo
1209 1875 1341 1962 modo
1362 1905 1462 1963 vero
1616 1895 1619 1903 '

238 2056 451 2147 Medicum
496 2057 564 2144 his
608 2057 802 2146 formulis
827 2057 1091 2147 'adstrictum
1131 2086 1223 2148 esse
1258 2060 1463 2160 volumus,

240 2251 395 2366 quippe
410 2227 416 2236 ⁶
433 2249 516 2362 qui'
543 2249 588 2328 in
626 2245 940 2333 medicamentis
987 2245 1316 2364 praescribendis
1360 2247 1464 2362 ejus·

238 2431 356 2520 modi
395 2429 553 2552 legibus
591 2434 725 2518 teneri
763 2445 953 2550 nequeat.

359 2615 421 2705 Ex
469 2617 666 2704 omnibus
713 2616 1027 2705 medicamentis
1075 2647 1140 2716 ea,
1201 2647 1306 2735 quae
1357 2622 1465 2705 inter

239 2832 399 2895 venena
436 2799 597 2894 referri,
620 2803 774 2903 solent,
822 2818 984 2892 caute
1023 2833 1113 2891 ease
1142 2801 1344 2890 servanda
1373 2783 1466 2889 mo·

239 2991 420 3084 nuimus.

221 3278 225 3288 ³
360 3175 785 3274 Medicamentomm,
824 3205 929 3294 quae
955 3175 1079 3297 vulgo
1100 3171 1275 3263 heroica
1301 3190 1466 3272 vocant,

241 3365 476 3453 addidimus
513 3363 648 3451 doses.
703 3361 882 3450 Minime
909 3361 1080 3480 'quidem
1106 3357 1187 3448 noe
1214 3359 1330 3482 fugit,
1378 3357 1466 3448 Me·

239 3551 381 3638 dicum
409 3555 453 3638 in
482 3549 575 3636 doci
591 3547 918 3668 'praescribenda
946 3547 1060 3634 nulla
1087 3546 1178 3669 lege
1211 3547 1467 3666 adstringen-

241 3739 343 3826 dum
363 3765 467 3836 esse,
489 3735 670 3826 sednon
688 3765 785 3822 raro
806 3733 965 3835 accidit,
987 3749 1031 3820 ut
1053 3763 1196 3834 errore
1215 3731 1362 3818 calami
1382 3751 1469 3820 mn·

240 3927 378 4042 jurem
399 3923 521 4010 dosin
543 3921 706 4022 indicet.
728 3952 856 4041 quam
876 3919 1058 4010 indicare
1077 3919 1267 4008 voluerit
1300 3915 1469 4030 Quodsi
1643 3945 1646 4047 1
