3392 4742
774 376 981 492 1111)

424 594 596 740 Aqua
645 589 937 702 Menthae
980 593 1314 740 piperitae.

262 795 321 878 R.
374 784 531 878 Herbae
548 789 743 879 Menthae
760 790 952 906 piperitue
976 788 1229 902 librandum,

124 909 160 970 ⁸·
376 923 518 1040 Aquae
539 921 725 1007 fontanae
744 943 932 1035 quantum
948 929 1105 1008 sufficit.
1280 937 1289 952 ’

310 1079 510 1158 Destillent
538 1069 662 1157 librae
686 1067 1011 1188 quatuordecim.

311 1197 371 1280 Sit
394 1199 562 1314 limpida.
1071 1219 1074 1226 ’

288 1431 460 1576 Aqua
508 1427 800 1538 Menthae
832 1429 1169 1574 'piperitae
1217 1430 1449 1534 vinosa.

258 1635 317 1748 R.
374 1631 533 1716 Herbae
553 1631 747 1719 Mentuae
765 1631 957 1746 piperitae
975 1631 1121 1716 libram
1139 1661 1277 1745 unam,

372 1760 546 1878 Spiritus
561 1763 659 1851 Vini
675 1760 885 1847 rectificati
904 1760 1049 1846 libram
1059 1793 1182 1847 unam
1203 1799 1294 1851 cum
1302 1759 1484 1876 dimidia,

370 1893 512 2010 Aquae
535 1894 726 1979 fontanae
745 1915 933 2006 quantum
949 1903 1048 1979 satis.

305 2047 537 2130 Destillundo
551 2049 749 2129 eliciantur
766 2039 891 2126 librae
909 2071 977 2127 sex
995 2078 1115 2156 aquae
1145 2045 1383 2143 turbidae,
1372 2080 1487 2156 quam

254 2172 353 2248 bene
373 2198 492 2249 serva.

670 2354 754 2496 Aq
769 2389 842 2452 ua
889 2353 1061 2495 Opii.

96 2551 99 2559 ’
255 2550 312 2632 R.
369 2545 464 2662 Opii
478 2547 567 2661 puri
581 2555 621 2631 in
634 2551 786 2632 taleolas
805 2553 954 2632 dissecti
975 2568 1013 2632 et
1025 2557 1152 2634 siccati
1166 2549 1332 2634 unciam
1343 2581 1480 2636 11111111.

303 2697 475 2772 Immitte'
496 2698 537 2772 in
562 2706 742 2771 retortam
767 2697 925 2780 vitream
951 2707 989 2772 et
1012 2695 1166 2792 affunde

367 2833 508 2951 Aquae
535 2833 720 2944 fontanae
745 2845 995 2946 quantitatem
1021 2840 1288 2921 sufficientem.
1368 2895 1373 2905 ·

301 2989 489 3096 Excipulo
501 2991 674 3097 adaptato
692 3004 729 3066 et
740 2989 838 3065 bene
851 2985 999 3092 juncto,
1028 2987 1216 3069 destillent
1233 2985 1374 3071 unciae
1394 3017 1477 3072 sex.

249 3109 367 3189 Serva
392 3125 502 3188 caute
527 3113 569 3186 in
594 3113 691 3188 vasis
715 3109 814 3186 bene
840 3107 1038 3187 obturatis.
1078 3131 1085 3148 ‘

300 3230 358 3308 Sit
382 3228 552 3336 limpida}

507 3492 680 3636 Aqua
730 3490 1218 3634 oxymuriatica.

349 3661 521 3760 (Aritium
538 3665 762 3736 ururr'aticum
777 3676 1035 3762 exygenatum.
1064 3661 1200 3764 Liquor
1217 3662 1375 3762 Chlori.)

304 3812 385 3901 Gas
414 3816 754 3928 oxymuriaticum
793 3851 861 3902 seu
890 3811 1089 3900 Chlorum
1123 3823 1223 3899 intrn
1254 3833 1475 3930 apparatum

247 3948 531 4051 pneumaticum
555 3949 596 4023 in
620 3945 768 4052 lagenas
791 3975 889 4052 aqua
911 3941 1091 4023 destillata
1115 3971 1187 4050 pro
1209 3969 1284 4021 usu
1308 3947 1472 4036 interno,

247 4081 313 4142 aut
327 4063 482 4143 fontana
494 4095 566 4173 pro
578 4097 651 4149 usu
666 4081 836 4162 externo,
859 4064 1044 4174 repletus‘
1032 4067 1206 4156 immitte,
1232 4065 1353 4144 donec
1366 4069 1474 4143 tertia
