3428 4742
773 345 949 462 (46)

246 563 477 678 Capram
527 559 899 676 sulphuricum
953 557 1177 644 venale.¹
1243 557 1503 646 Vitricium

304 697 438 812 Capri
455 731 520 778 aaa
538 692 793 779 coeruleum.
830 691 1017 811 Sulphos
1038 695 1248 810 capricana.
1279 689 1473 812 Kayser-

303 826 459 911 vitrt'ol.
507 823 747 942 Cypriacher
774 835 862 910 oder
889 823 1040 908 blauer
1070 825 1114 910 V
1111 823 1236 906 itn'ol.

501 1005 665 1077 Paratur
687 1004 724 1074 in
750 997 898 1103 effoetus
918 999 1122 1074 atatallani's
1140 1001 1352 1105 plenamque
1372 1030 1392 1074 e
1411 1027 1473 1076 cu·

420 1157 428 1166 ·
501 1148 569 1222 pro
594 1119 819 1221 sulphurato.

397 1276 461 1356 sal
493 1280 535 1352 in
566 1275 749 1384 crystallis
774 1291 841 1352 aut
865 1277 996 1354 frustis
1023 1277 1248 1385 crystallinis
1275 1279 1469 1388 caeruleis,

347 1395 555 1501 diaphanis,
585 1397 739 1473 demum
763 1395 1037 1487 fatiscentibus,
1065 1401 1203 1474 tritum
1225 1397 1388 1486 albente,
1415 1425 1501 1476 sa-.

348 1520 451 1622 poris
472 1519 625 1605 austeri,
652 1518 693 1591 in
720 1543 840 1620 aquae
860 1517 1030 1622 partibus
1051 1518 1213 1606 duabus,
1241 1521 1282 1592 in
1302 1517 1473 1595 alcohole

346 1664 425 1714 non
448 1633 633 1745 solubilis,
661 1662 682 1711 e
707 1663 828 1739 cupro
853 1635 1031 1743 oxydato,
1060 1637 1169 1714 acido
1192 1621 1420 1742 sulphurico'
1436 1652 1474 1714 et

300 1812 305 1822 .
348 1785 446 1858 aqua
466 1769 652 1831 constans.
687 1754 746 1832 Sit
766 1757 873 1829 zinco
895 1769 932 1831 et
950 1762 1171 1860 praesertim
1189 1755 1294 1832 ferro
1313 1755 1472 1862 sulphu-

348 1877 436 1951 ricis
469 1899 548 1950 non
580 1877 693 1948 nimis
724 1875 963 1977 inquinatus3
997 1879 1183 1979 posterius
1214 1873 1403 1952 solutione
1432 1880 1472 1950 in

346 1995 497 2098 liquore
522 1995 700 2070 ammonii
727 1995 881 2070 caustiei
907 1994 1153 2096 dignoscitur.

177 2223 181 2232 ’
247 2223 519 2311 Curcuma.
546 2217 732 2316 Radix.
798 2219 1071 2308 Gilbwurzel.
1132 2221 1374 2306 Karkume.

304 2408 516 2494 Camuma
546 2405 674 2522 haga
701 2401 834 2486 Lina.
872 2415 1010 2490 Planta
1025 2419 1193 2516 pereuntis
1212 2415 1343 2490 Indtae
1362 2421 1472 2491 oraco-

305 2541 397 2613 talis.

398 2710 523 2785 Radia
552 2707 759 2808 (rhizoma)
791 2705 997 2813 cylindriea
1026 2721 1093 2782 aut
1119 2705 1299 2811 oblonga,
1341 2709 1470 2784 tuber·

275 2841 278 2846 '
348 2825 488 2918 culnia,
524 2855 680 2930 rugosa,
722 2827 952 2932 ponderosa,
997 2839 1129 2916 tenax,
1170 2839 1278 2904 extus
1312 2855 1344 2921 e,
1364 2827 1469 2905 luteo

349 2949 469 3037 fusca,
498 2951 600 3023 intus
626 2950 770 3022 intense
788 2946 901 3058 'flava
928 2947 1080 3050 punctis
1104 2945 1230 3022 nitidis
1251 2951 1466 3053 conspicua,

350 3071 492 3173 saporis
517 3069 630 3142 amari
656 3079 694 3143 et
719 3067 924 3148 aromatici.

247 3345 504 3460 Cydonia.
538 3343 738 3429 Semen.
804 3339 1143 3451 Quittenlcoraer.

307 3567 491 3680 Cydonia
524 3563 714 3678 attigeris
743 3561 962 3644 Persoont.
1035 3573 1154 3645 Arbor
1188 3573 1387 3670 oa'entolis,
1433 3580 1468 3648 ιή

307 3701 413 3772 hortis
438 3715 475 3770 et
498 3700 628 3770 vitzeo's
653 3695 761 3768 culta.

400 3905 553 3984 Semina
575 3901 751 4006 oblonga,
779 3901 1077 4006 subcompressa,
1105 3900 1225 4008 fusca,
1253 3899 1372 3978 multa
1391 3929 1470 3980 mu·

349 4022 520 4128 cssagine,
549 4051 663 4125 qnam
688 4049 807 4127 aquae
830 4025 1066 4127 impertiunt,
1094 4019 1271 4098 obducta.
