3352 4736
724 329 926 446 (aa.)
1067 233 1070 240 Ι

212 540 393 630 filtretur,
410 553 451 616 et
461 541 502 615 in
513 539 650 616 balneo
664 544 814 646 vaporis
826 541 873 616 ad
884 544 1088 619 siccitatem
1096 539 1295 644 redigatur.
1313 539 1437 620 Salem

215 661 359 738 siceum
377 663 419 736 in
439 656 635 764 pulverem
654 663 787 737 tritum
806 663 847 736 in
867 663 966 736 vitro
984 661 1081 736 bene
1101 658 1228 737 clauso
1249 687 1365 736 serva

263 777 321 855 sit
340 775 461 869 albus,
485 777 596 854 facila
616 779 852 867 humescant,
881 783 1022 885 saporis
1043 777 1151 870 acidi,
1178 783 1219 852 in
1238 805 1357 882 aquae
1375 807 1436 856 aa·
1463 783 1472 800 '

213 896 317 1000 quali
343 900 451 1002 eopia
477 895 649 973 solubilia
673 911 711 974 et
735 898 783 972 ab
802 883 1096 1001 iaquinamentis
1116 895 1309 976 metallicis
1320 894 1431 990 liber,

42 1077 47 1086 .
213 1014 316 1118 quod
333 1011 483 1118 liquore
500 1018 679 1094 ammonii
697 1015 1035 1138 hydrosulphurati
1052 1015 1282 1120 exploratur.

464 1364 769 1464 Tartarus
806 1356 1173 1506 depuratus

211 1540 385 1637 (cremor
410 1541 568 1612 Tartari.
615 1544 795 1616 Bt'turtms
816 1539 951 1614 lateus
972 1565 1054 1612 aum
1077 1541 1189 1650 Aqua
1209 1537 1435 1639 depuratus.)

266 1716 456 1827 crystalli
476 1716 644 1828 Tartari,
670 1727 717 1802 ab
725 1697 1021 1832 'inquinamentis
1034 1727 1290 1830 heterogenais
1304 1726 1432 1804 rudio-

209 1845 317 1922 ribus
330 1842 519 1948 seligendo
532 1862 569 1921 et
582 1845 708 1921 cribro
722 1861 923 1951 separatae,
940 1837 1059 1952 Aqua
1073 1837 1283 1922 communi
1298 1843 1432 1948 frigida

209 1961 426 2052 abluantur,
455 1977 492 2037 et
507 1965 646 2038 iterum
664 1967 817 2042 siccatae
834 1968 874 2038 in
892 1968 1071 2040 mortario
1089 1965 1215 2040 ferreo
1233 1961 1376 2040 munda
1390 1991 1432 2038 ac

212 2085 313 2160 sicco
334 2085 374 2156 in
391 2079 588 2184 pulverem
609 2097 790 2157 terantur.
818 2129 821 2134 -

262 2199 323 2278 Sit
341 2199 466 2303 pulvis
484 2199 749 2278 subtilissimus
766 2213 804 2277 et
818 2199 1038 2276 albissimus.

444 2550 749 2650 Tartarus
792 2567 1204 2653 natronatus.

313 2723 394 2822 (Sal
402 2723 591 2821 Seignette'.
627 2728 776 2831 Tartms
792 2725 1076 2826 haleso-autarius
1092 2749 1175 2798 cum
1186 2723 1329 2824 Aqua.)

210 2891 268 3008 Β.
323 2889 437 2975 Natri
462 2891 666 2975 sarbonici
690 2889 805 2976 crudi
831 2912 1015 3003 quantum
1033 2895 1168 3003 placet.

262 3029 376 3108 Solve
401 3035 442 3107 in

324 3159 464 3274 Aquae
482 3161 722 3247 communis·
735 3168 900 3246 fervidae
922 3160 1121 3275 sextuplo.

261 3305 412 3380 Lixivio
431 3308 473 3380 in
493 3331 578 3382 vase
595 3321 748 3382 eunuco
767 3307 944 3384 bullienti
961 3309 1096 3385 sensim
1113 3306 1205 3383 adde

324 3441 478 3524 Tartari
502 3439 684 3556 deputati
704 3465 890 3554 quantum
912 3456 1009 3547 satis,

211 3609 257 3672 ut
267 3607 419 3673 nattum
431 3593 512 3671 fere
523 3593 802 3672 neutralisetur.
822 3595 1027 3697 Liquorem
1039 3615 1180 3696 sepone
1191 3615 1261 3693 per
1273 3577 1441 3692 aliquos

211 3705 342 3816 horas»,
372 3729 456 3790 tum
470 3713 651 3790 filtratum
664 3713 846 3817 legeartis
859 3717 898 3788 in
913 3709 1106 3818 crystallos
1118 3707 1256 3810 redige.
1285 3707 1375 3796 Has,
1397 3707 1428 3782 ai

213 3859 350 3936 opacae
368 3848 561 3939 apparent,
587 3837 628 3908 in
1044 3917 1049 3926 ¹

326 3969 465 4083 Aquae
484 3973 712 4054 communis
736 3978 891 4081 frigidae
916 3965 1094 4081 partibus
1112 3962 1240 4168 tripppls
