3352 4736
771 321 976 441 (238)

542 537 836 686 Syrupus
878 534 1214 646 Rhoeados.

610 699 662 800 (S
650 727 796 803 ympus
807 705 1005 804 Papavenk
1020 704 1146 804 rubn'.)

270 857 327 940 R.
386 853 554 938 Florum
568 851 780 942 Rhoeados
796 860 933 947 uncias
951 855 1065 969 duas,

382 983 522 1100 Aquae
541 986 770 1070 communis
794 995 959 1074 fervidae
983 986 1104 1074 libras
1123 986 1237 1076 duas.

319 1139 549 1242 Digerantur
568 1165 637 1244 per
657 1148 838 1224 noctem.
882 1141 915 1214 E
935 1139 1104 1218 colatura
1122 1133 1331 1250 unciarum
1349 1131 1493 1246 viginti

138 1317 142 1326 ·
271 1275 334 1350 fiat
360 1301 449 1351 cum

355 1469 361 1480 ·
386 1411 571 1500 sacchari
593 1410 787 1497 albissimi
810 1409 923 1498 libris
943 1413 1072 1500 tribus

272 1557 494 1640 ebullitione
518 1562 631 1638 unica
652 1587 817 1668 syrupue
843 1561 981 1640 eoloris
1005 1541 1222 1638 mienimi.

567 1836 861 2004 Syrupu's
902 1837 1231 1977 Senegae.'

273 2037 330 2116 R.
389 2027 549 2115 Radicis
568 2029 743 2143 Senegae
761 2041 933 2119 concisae
948 2035 1110 2118 unciam
1125 2063 1264 2145 unam,

386 2163 527 2277 Aquae
557 2162 785 2246 communis
811 2169 978 2356 iffi?
999 2162 1144 2264 libram
1166 2193 1290 2248 unam
1313 2193 1410 2248 cum
1433 2161 1495 2248 di·

323 2429 458 2534 Coqua
482 2427 530 2502 ad
555 2425 762 2504 celaturam
785 2417 996 2500 unciarum
1010 2415 1168 2504 decem.
1214 2429 1320 2506 Adde

388 2565 574 2654 sacchari
596 2563 789 2649 albissimi
811 2563 957 2654 libram
979 2595 1104 2650 unam
1127 2596 1224 2652 cum
1246 2565 1429 2680 dimidia,

278 2733 315 2792 et
340 2715 405 2792 fiet
432 2739 597 2820 eyrupue
624 2710 759 2790 coloris
783 2711 1027 2790 flavescentia.

582 2967 875 3112 Syrupus
919 2967 1178 3070 Sennae.

274 3167 332 3248 R.
390 3161 600 3248 Foliorum
625 3159 782 3248 Sennae
804 3165 941 3248 uncias
962 3180 1151 3278 quatuor,

390 3291 563 3380 Seminis
588 3292 702 3377 Anisi
725 3292 896 3404 vulgaris
918 3295 1081 3377 unciam
1104 3289 1331 3403 dimidiam,

391 3423 531 3539 Aquae
555 3424 782 3509 communis
808 3431 974 3508 fervidae
1000 3422 1120 3509 libras
1143 3420 1257 3507 duaa.

327 3578 436 3656 Sient
459 3580 499 3653 in
522 3605 608 3655 vase
630 3577 758 3656 clauso
778 3605 846 3683 per
865 3566 1022 3682 aliquot
1039 3569 1171 3652 horas.
1201 3579 1248 3653 In
1264 3575 1423 3682 liquun‘s
1436 3601 1499 3652 ex-

275 3701 392 3804 pressi
427 3711 465 3774 et
490 3693 599 3775 colati
626 3689 755 3771 unciis
771 3687 915 3796 viginti
942 3693 1048 3810 solve

391 3836 575 3923 Succhari
597 3835 680 3920 albi
702 3833 821 3920 libras
844 3853 939 3918 tres.

327 3985 409 4060 Fiet
435 4011 597 4088 syrupue
624 3981 760 4062 coloris
786 3981 884 4060 fusci
910 3983 1137 4060 intensiora.
