3352 4736
733 325 937 444 (iss)

219 537 369 616 dilutas.
391 539 464 618 Vas
477 536 564 616 loco
578 537 730 643 frigido,
751 553 789 616 st
802 541 833 615 si
845 565 995 618 necesse
1011 553 1079 630 est,
1100 543 1141 616 in
1153 540 1256 618 aliud
1268 543 1446 646 aquafri·

218 659 302 762 gida
321 657 510 764 repletum
526 662 708 764 positum,
737 674 955 764 seponatur,
985 660 1166 764 quamdiu
1181 661 1346 768 crystalli
1359 689 1446 740 sna-

218 791 388 869 seuntur,
417 805 511 881 quas
535 807 557 852 a
577 777 726 881 liquore
748 793 786 856 et
807 779 1042 886 hydrargyro
1064 797 1279 860 remanente
1301 809 1443 886 separa,

217 911 256 974 et
275 901 376 974 inter
397 896 561 974 chartam
586 897 757 1008 bibulam
782 898 905 982 albam
929 901 1135 1004 premendo
1160 901 1302 1004 absque
1322 899 1446 978 calore

217 1019 328 1093 sicca.
366 1019 514 1094 Harum
532 1017 797 1125 crystallorum
820 1011 1000 1126 partibus
1020 1031 1115 1094 octo
1133 1024 1233 1097 inter
1246 1021 1447 1100 terendum

203 1136 312 1212 -adde

333 1237 454 1324 Acidi
472 1241 606 1324 nitrici
629 1263 783 1354 partem
802 1270 925 1326 unam

216 1397 255 1460 et
280 1398 364 1462 tum
536 1391 539 1400 ’
664 1383 668 1392 ’

331 1524 472 1639 Aquae
492 1522 711 1610 destillatae
730 1533 901 1614 fervidae,
913 1545 1100 1636 quantum
1115 1535 1250 1612 sufficit

213 1684 260 1746 ut
274 1699 314 1776 p.
329 1697 431 1776 spec.
452 1670 649 1748 solutionis
672 1657 777 1748 siti:
798 1679 832 1761 1,
848 1678 1011 1760 roo-1,
1027 1678 1113 1762 110,
1138 1699 1255 1774 quam
1267 1670 1442 1750 filtratam

214 1815 330 1894 super
361 1790 595 1898 hydrargyro
623 1793 807 1896 deputato
830 1793 870 1866 in
889 1815 975 1866 vase
996 1789 1094 1866 bene
1112 1788 1240 1868 clauso
1257 1806 1365 1870 caute
1384 1785 1440 1870 se·⁴

213 1909 383 1986 cundum
404 1908 503 2014 leges
524 1939 642 1986 servu.

367 2033 495 2106 Doris:
520 2032 573 2103 ad
584 2048 705 2128 guttas
731 2034 901 2131 qw'nqroe.

477 2269 711 2412 Liquor
747 2265 888 2370 Kali
926 2243 1171 2371 aoet'iei.

263 2436 416 2539 (Le'qrmr
433 2437 728 2540 Termefhlriztao
751 2440 908 2511 Tartari.
937 2438 1243 2540 Liquoeretatis
1261 2437 1389 2538 lrolr'oi)

213 2609 273 2689 R.
328 2603 422 2690 Kali
440 2609 581 2692 acetici
596 2597 756 2693 maxime
773 2620 863 2694 sicci
879 2607 1024 2692 libram
1037 2595 1175 2692 unam.
1219 2660 1222 2668 v

266 2752 380 2830 Solve
405 2758 445 2828 in
590 2783 593 2788 λ

190 2991 202 3007 ἱ
328 2891 470 3006 Aquae
488 2889 707 2978 destillatae
726 2892 837 2976 libris
856 2891 1028 3002 duabus,

214 3055 251 3114 et
271 3037 380 3114 filtra.

265 3175 324 3252 Sit
333 3175 525 3282 limpidus,
542 3177 685 3279 absque
695 3176 836 3267 colore,
851 3189 918 3252 aut
927 3203 1059 3280 parum
1068 3175 1278 3253 flavescens.
1291 3177 1331 3251 P.
1339 3203 1434 3283 spec.

213 3301 582 3388 =1,1ro-1‚1so.

426 3513 658 3656 Liquor
695 3511 836 3613 Kali
874 3505 1218 3616 sarbonici.

250 3679 400 3778 (Oleum
419 3683 568 3756 Tartari
571 3707 640 3781 per
647 3679 855 3803 deliqm‘um.
888 3681 1023 3784 Liqnor
1041 3684 1251 3757 carbonam
1263 3679 1397 3779 Italici.)

212 3857 272 3938 Il.
331 3853 424 3938 Kali
439 3853 643 3940 sarbonici
657 3853 854 3938 e'lartaro
868 3866 1027 3939 maxime
1040 3865 1129 3939 sicci
1140 3851 1285 3936 libram
1293 3881 1431 3936 unam.

264 3997 376 4078 Solve
401 4003 441 4077 in

1127 4119 1229 4193 Bba
1350 4137 1361 4150 “
