3392 4742
791 311 994 439 (128)

306 531 557 642 Acidum
594 536 1066 686 phosphoricum
1103 535 1480 688 depuratum.

212 793 216 802 ·
280 735 339 820 Il·
394 732 556 822 Ossium
582 758 769 850 quantum
793 745 889 823 vis.'

146 981 189 1016 ,⁸
258 909 268 958 ἒ
330 902 410 979 Ure
436 902 483 978 ad
505 900 712 978 albedinem
739 915 776 980 et
797 899 940 980 borum
961 899 1202 982 subtilissime
1221 903 1507 1018 pulveratorum
1663 933 1664 1018 j

279 1010 390 1100 libris
409 1013 591 1130 quinque
618 1019 711 1098 adde

393 1179 515 1266 Acidi
541 1180 762 1293 sulphurici
791 1177 906 1263 crudi
935 1179 1055 1265 libras
1084 1201 1162 1266 tres

393 1313 535 1428 Aquae
566 1311 794 1396 communis
822 1309 935 1397 libris
964 1313 1125 1424 triginta

278 1475 427 1555 dilutas.
455 1475 652 1554 Ebulliant
662 1475 797 1552 leniter
811 1503 881 1582 per
892 1477 1027 1554 horam
1045 1483 1085 1554 in
1103 1477 1225 1555 lebete
1239 1493 1409 1572 stanneo,
1431 1479 1503 1556 sub

277 1602 458 1676 continua
476 1591 689 1701 agitatione.
718 1597 928 1701 Liquorem
947 1626 1019 1705 ope
1038 1598 1135 1704 preli
1153 1613 1380 1706 separatum,
1403 1597 1503 1677 cola-

276 1735 360 1794 tum
373 1732 410 1794 et
419 1721 683 1823 evaporatione
696 1717 742 1792 ad
755 1720 888 1823 syrupi
900 1719 1179 1823 spissitudinem
1191 1719 1399 1811 redactum,
1414 1747 1504 1797 cum

391 1873 562 1990 Spiritus
587 1873 684 1962 Vini
711 1871 1028 1960 rectificatissimi
1056 1881 1175 1988 duplo

274 2045 389 2120 misce
402 2056 440 2119 et
452 2040 564 2119 filtra.
579 2041 695 2130 Tum,
712 2043 974 2147 evaporatione
987 2071 1008 2116 a
1021 2039 1166 2147 Spiritu
1178 2041 1270 2116 vini
1284 2037 1498 2132 liberatum,

275 2161 453 2240 diluendo
476 2153 595 2269 Aqua
613 2151 811 2237 destillata
831 2161 878 2238 ad
900 2161 1051 2268 pondus
1072 2161 1289 2266 specificum
1316 2165 1435 2250 1,125
1455 2202 1496 2220 -

173 2371 178 2378 ¹
279 2288 398 2372 1,135
424 2283 563 2387 redige.
597 2285 643 2358 In
656 2285 752 2359 vasis
773 2285 970 2389 epistomio
983 2285 1103 2359 vitreo
1117 2281 1301 2357 obturatis
1314 2293 1497 2358 servetur.

325 2399 425 2478 Cave
440 2429 489 2476 ne
503 2404 619 2476 nimia
632 2404 740 2505 copia
753 2401 847 2478 acidi
861 2399 1074 2505 sulphurici
1086 2403 1256 2476 immixta
1268 2404 1330 2492 sit,
1349 2400 1500 2506 liquore

274 2521 612 2628 barytaenitricae,
631 2521 796 2598 admixto
809 2521 915 2597 acido
928 2522 1078 2613 uitrico,
1098 2518 1339 2625 exploranda.

333 2849 599 2958 Acidum
639 2851 1137 3000 phosphoricum
1182 2859 1440 3000 purum·

272 3072 331 3154 R.
384 3065 505 3154 Acidi
528 3071 663 3154 uitrici
687 3091 874 3182 quantum
890 3075 1026 3183 placet.

320 3237 367 3312 ln
389 3236 586 3311 cucurbita
605 3238 723 3312 vitrea
743 3232 789 3309 ad
813 3233 938 3312 lenem
962 3231 1225 3348 ebullitionem
1252 3265 1376 3344 usque
1402 3237 1496 3318 cale-

269 3358 371 3436 facto
391 3357 550 3431 immitte
570 3359 707 3432 sensim
725 3381 769 3432 ac
788 3369 898 3432 caute

381 3495 608 3610 Phosphori

269 3659 434 3740 frustula
450 3665 612 3766 minora,
641 3687 800 3765 granum
812 3687 937 3737 unum
948 3659 1157 3740 alterumve
1170 3691 1250 3743 non
1264 3665 1493 3760 excedentis,

270 3783 451 3887 quamdiu
470 3807 629 3888 vapores
648 3781 756 3858 rubri
773 3781 970 3887 prodeunt.
1009 3783 1217 3887 Liquidum
1236 3813 1431 3866 remanens
1449 3789 1497 3864 ad

270 3901 548 4007 spissitudinem
561 3901 725 3982 oleosam
738 3919 924 4009 evaporet
942 3906 1055 3984 Tunc
1065 3893 1207 4012 Aquae
1221 3893 1441 3984 destillatae
1452 3935 1495 3986 ee
