3352 4736
576 393 578 400 ψ
710 341 911 457 (tet)
1028 379 1032 384 -

192 583 278 634 vere
301 567 501 658 coquatur,
525 569 609 631 tum
623 553 801 646 filtretur,
825 568 861 630 et
877 553 923 628 ad
938 551 1251 630 neutralisationis
1265 567 1417 646 statum,

193 680 222 752 si
241 703 338 781 opus
360 692 427 762 est,
449 675 578 751 addito
591 691 696 751 aceto
711 688 953 752 concentrato
965 673 1142 752 reductus
1156 672 1230 758 leni
1245 673 1366 752 calore
1380 678 1421 748 in

137 800 141 808 '
191 823 277 872 vase
299 799 422 873 vitreo
448 809 514 870 aut
537 793 777 900 porcellaneo
796 793 842 868 ad
862 796 1005 870 siccum
1025 808 1215 898 evaporet.
1249 793 1312 870 sal
1331 821 1420 870 con·

193 929 340 1022 cretum
360 918 497 1004 statim,
526 942 575 990 ne
600 914 802 992 humorem
827 913 1000 1004 attrahat,
1036 919 1076 987 in
1096 941 1159 990 vas
1180 915 1343 990 vitreum
1363 917 1421 988 in-

65 1047 71 1066 *
192 1063 293 1138 gere,
317 1048 355 1110 et
373 1037 413 1109 in
433 1061 478 1110 eo
496 1035 594 1110 bene
613 1017 801 1112 obturato¹
813 1059 931 1108 serva.

241 1153 300 1230 Sit
312 1153 477 1259 perfecte
487 1147 683 1256 ¹ueutrum,
707 1151 849 1240 album,
872 1165 923 1242 et,
947 1165 1134 1254 quantum
1147 1152 1227 1226 fieri
1241 1166 1378 1256 potest,
1399 1183 1421 1228 a

192 1272 334 1348 salibus
352 1273 609 1376 heterogeneis
623 1273 802 1348 liberum.
832 1272 931 1347 Hinc
944 1271 1237 1376 &acopiaaquae
1250 1271 1422 1350 solutum
1489 1370 1490 1378 ἵ

190 1407 236 1469 ut
257 1397 305 1470 sit
327 1393 481 1496 P.spec.
497 1428 542 1463 =
559 1401 677 1481 1‚230
701 1391 825 1468 addito
847 1393 929 1495 pari
950 1390 1117 1496 pondere
1139 1390 1320 1468 alcohoh's
1342 1419 1421 1468 non
1467 1399 1473 1410 '

122 1596 126 1603 ,
158 1511 165 1524 ’
191 1515 346 1588 nimiam
360 1515 507 1618 copiam
521 1511 656 1588 salium
669 1511 851 1586 demittet.
886 1497 1421 1618 Aquahydmsulpburataso·

190 1630 292 1710 lutio'
307 1629 597 1714 noneoloretur
615 1659 686 1708 nec
702 1630 892 1708 turbetur.

250 2067 255 2075 ·
316 2000 458 2104 Kali
496 1975 905 2104 carbonicum
942 1994 1288 2102 acidulum.

496 2171 728 2270 (Bz'eauionas
740 2167 874 2240 Italicus
891 2193 971 2240 cum
983 2169 1127 2269 Aqua.)

191 2364 249 2444 R.
304 2359 399 2446 Kali
419 2353 663 2445 carbonici'e
683 2357 849 2442 Tartaro
867 2358 1030 2442 unciam
1048 2387 1188 2442 unam.

242 2531 358 2610 Solve
384 2536 424 2607 in

308 2695 449 2811 Aquae
468 2694 688 2780 destillatae
707 2697 825 2779 uncia
844 2724 924 2778 una
944 2713 986 2776 et
1005 2689 1186 2776 dimidia.

243 2867 482 2948 solutionem
495 2873 652 2945 immitte
666 2873 705 2944 in
720 2897 782 2946 vas
795 2860 988 2944 librarum
1003 2857 1144 2946 decem
1159 2895 1279 2970 aquae
1292 2895 1418 2972 capax,
1431 2967 1433 2972 ,

311 3025 416 3112 Gase
434 3023 555 3110 Acidi
577 3026 779 3110 carbon'ici

191 3179 391 3288 repletum.
433 3183 508 3258 Vas
541 3185 740 3287 epistomio
765 3183 862 3258 bene
892 3182 1114 3258 obturatum
1139 3207 1207 3288 per
1233 3193 1311 3257 tres
1336 3169 1420 3258 dies'

110 3333 113 3336 ·
138 3395 141 3402 Ι
190 3329 346 3407 repone,
364 3305 607 3406 epistomium
619 3299 778 3378 subinde
791 3301 963 3377 levando.
992 3299 1358 3407 Crystallosemissas
1372 3303 1419 3378 ab

190 3419 349 3498 humido
371 3447 514 3525 nepam,
544 3449 658 3524 parva
677 3412 819 3524 Aquae
834 3409 1053 3496 destillante
1079 3424 1187 3526 copia
1212 3420 1345 3513 ablue,
1380 3423 1420 3496 in

189 3551 440 3646 temperatura
466 3539 588 3615 media
610 3543 707 3617 sicca
730 3555 768 3616 et
783 3543 824 3614 in
844 3567 929 3616 vase
948 3541 1046 3618 bene
1066 3541 1242 3618 obturate
1259 3566 1379 3616 serva.

240 3660 301 3737 Sit
318 3659 563 3749 albissimum,
585 3662 727 3763 saporis
740 3661 854 3750 mitis,
876 3662 1107 3738 inuereuom
1119 3659 1354 3750 humectans,
1378 3664 1420 3736 iu

111 3865 114 3869 ,
190 3807 308 3884 aquae
328 3781 498 3886 partibus
518 3793 685 3882 quatuor
701 3777 875 3868 solubile,
904 3807 980 3884 que
997 3779 1186 3858 solutione
1199 3777 1329 3882 liquor
1345 3807 1420 3856 mu·

190 3891 592 4004 gnesiaesulphurieae
611 3925 689 3974 non
702 3900 891 3977 turbetur.
968 4011 973 4019 ι
