3392 4742
620 399 622 404 ψ
747 347 893 468 <158
932 350 951 464 1

287 564 520 671 Liquefactis
546 577 585 642 et
609 561 928 666 semireirigeratis
954 562 1120 638 immisce

260 729 270 744 “
349 699 642 808 Cantharidum
665 707 915 815 grossiuscule
927 711 1103 786 tritarum
1121 701 1258 786 uncias
1272 699 1360 814 stent,⁸
1523 809 1528 816 Ι

234 868 281 931 ut
300 852 364 930 fiat
385 851 629 958 emplastrum
650 863 754 928 tactu
767 851 924 956 pingue,
953 844 1083 939 molle,
1107 833 1260 954 punctis
1279 847 1464 929 viridibus

237 969 445 1052 nitentibus
465 969 712 1080 aequabiliter
731 969 920 1076 dispersis,
948 967 1055 1072 quod
1073 966 1172 1046 bene
1192 995 1312 1047 serva.

287 1293 294 1303 ·
377 1219 807 1406 Emplaslrum
856 1243 1321 1353 Cantharidum

650 1435 918 1559 perpetu
930 1450 965 1518 U
976 1450 1047 1513 m.

447 1581 710 1686 (Emplasuum
735 1584 983 1656 caseatorum
1004 1584 1247 1683 perpetuane.)

233 1741 294 1824 R.
350 1735 472 1824 Cerae
495 1736 619 1821 flavae
642 1737 806 1820 unciam
818 1763 1003 1846 unam,a
1233 1721 1237 1728 ’

348 1867 514 1954 Resinae
537 1865 628 1952 Pini
651 1863 929 1979 Burgundicae
953 1863 1173 1950 drachmas·
1186 1885 1281 1979 tres,

349 1996 448 2088 Sehi
470 1997 600 2110 ovilli,

282 2123 285 2130 ’
347 2127 659 2215 Terebinthinae
692 2129 920 2213 communis
952 2133 1190 2239 singulorum
1225 2126 1433 2214 drachmas

795 2255 909 2365 duas.

282 2407 515 2513 Liquefactis
540 2409 640 2484 inter
666 2407 988 2512 refrigerationem
1012 2408 1181 2484 immisce

346 2543 638 2634 Cantharidum
658 2551 942 2662 pulveratarum
969 2542 1202 2630 drachmam
1216 2576 1340 2630 unam
1477 2567 1482 2572 '

231 2709 278 2776 ut
302 2695 369 2773 liat
393 2691 652 2802 emplastrum,
680 2695 786 2800 quod
810 2691 899 2772 loco
924 2706 1133 2800 temperato
1159 2721 1279 2772 serva.
1377 2695 1381 2702 ’

282 2815 342 2896 sit
354 2813 521 2906 fuscum,
546 2817 697 2921 punctis
710 2813 895 2892 viridibus
908 2811 1156 2920 aequabiliter
1173 2813 1359 2920 dispersis,
1370 2825 1459 2892 tem·

231 2950 408 3044 peratum
425 2935 549 3015 media
563 2939 702 3043 rigens,
729 2933 874 3040 fragile.

443 3195 873 3342 Emplastrum
924 3195 1240 3300 Cerussae.

546 3365 807 3466 (Emplastmm
832 3363 952 3438 album
976 3365 1145 3464 coctum.)

231 3522 290 3607 R.
346 3519 572 3631 Lithargyri
591 3523 832 3603 subtilissime
851 3523 1037 3632 pulverati
1062 3515 1208 3601 libram
1224 3545 1362 3628 11111111,
1384 3509 1405 3578 ἶ

344 3649 436 3738 0Ιοὶ
460 3649 671 3738 Olivamm
692 3647 813 3733 libras
828 3667 1002 3762 quatuor
1024 3685 1114 3735 eum
1128 3645 1312 3733 dimidie.

281 3799 507 3903 Goquantur
538 3797 610 3876 sub
635 3797 837 3902 agitatione
869 3797 1099 3886 continuata,
1130 3793 1346 3873 instillanda
1371 3821 1454 3871 sen·

231 3921 302 3997 sim
320 3918 506 3997 modicam
523 3939 648 4027 aquae
667 3907 896 3994 communis
916 3913 1055 3994 calidae
1077 3920 1240 4022 copiam,
1264 3944 1312 3994 ne
1329 3914 1453 3992 humi·

231 4038 323 4118 dum
342 4037 499 4118 deficiat.
527 4043 617 4118 Post
635 4037 865 4120 solutionem
882 4035 1080 4147 lithargyri
1101 4037 1194 4118 adde
