<?xml version="1.0" encoding="UTF-8"?>
<!DOCTYPE html PUBLIC "-//W3C//DTD XHTML 1.0 Transitional//EN"
    "http://www.w3.org/TR/xhtml1/DTD/xhtml1-transitional.dtd">
<html xmlns="http://www.w3.org/1999/xhtml" xml:lang="en" lang="en">
 <head>
  <title>
</title>
<meta http-equiv="Content-Type" content="text/html;charset=utf-8" />
  <meta name='ocr-system' content='tesseract 3.04.00' />
  <meta name='ocr-capabilities' content='ocr_page ocr_carea ocr_par ocr_line ocrx_word'/>
</head>
<body>
  <div class='ocr_page' id='page_1' title='image "./pharmacopocabor00unkngoog_0260.png"; bbox 0 0 3352 4736; ppageno 0'>
   <div class='ocr_carea' id='block_1_1' title="bbox 785 357 989 480">
    <p class='ocr_par' dir='ltr' id='par_1_1' title="bbox 785 357 989 480">
     <span class='ocr_line' id='line_1_1' title="bbox 785 357 989 480; baseline 0.01 -34"><span class='ocrx_word' id='word_1_1' title='bbox 785 357 989 480; x_wconf 76' lang='lat' dir='ltr'><strong>(aaa)</strong></span> 
     </span>
    </p>
   </div>
   <div class='ocr_carea' id='block_1_2' title="bbox 276 575 1502 844">
    <p class='ocr_par' dir='ltr' id='par_1_2' title="bbox 276 575 1502 844">
     <span class='ocr_line' id='line_1_2' title="bbox 494 575 1282 702; baseline 0.003 -26"><span class='ocrx_word' id='word_1_2' title='bbox 494 575 801 678; x_wconf 82' lang='lat' dir='ltr'><strong>Tartarus</strong></span> <span class='ocrx_word' id='word_1_3' title='bbox 839 576 1282 702; x_wconf 86' lang='lat' dir='ltr'><strong>ammoniatus.</strong></span> 
     </span>
     <span class='ocr_line' id='line_1_3' title="bbox 276 735 1502 844; baseline 0.004 -32"><span class='ocrx_word' id='word_1_4' title='bbox 276 737 473 838; x_wconf 79' lang='lat' dir='ltr'><strong>(Tartarus</strong></span> <span class='ocrx_word' id='word_1_5' title='bbox 484 735 641 812; x_wconf 62' lang='grc' dir='ltr'><strong>εοὶιώιῖὑ</strong></span> <span class='ocrx_word' id='word_1_6' title='bbox 655 737 928 812; x_wconf 78' lang='lat' dir='ltr'><strong>amnromircalis.</strong></span> <span class='ocrx_word' id='word_1_7' title='bbox 959 739 1110 812; x_wconf 79' lang='lat' dir='ltr'><strong>Tamus</strong></span> <span class='ocrx_word' id='word_1_8' title='bbox 1124 738 1502 844; x_wconf 67' lang='lat' dir='ltr'><strong>kabcoammonicm.)</strong></span> 
     </span>
    </p>
   </div>
   <div class='ocr_carea' id='block_1_3' title="bbox 276 895 1182 1012">
    <p class='ocr_par' dir='ltr' id='par_1_3' title="bbox 276 895 1182 1012">
     <span class='ocr_line' id='line_1_4' title="bbox 276 895 1182 1012; baseline 0.002 -28"><span class='ocrx_word' id='word_1_9' title='bbox 276 902 334 984; x_wconf 87' lang='lat' dir='ltr'><strong>R.</strong></span> <span class='ocrx_word' id='word_1_10' title='bbox 389 898 544 984; x_wconf 78' lang='lat' dir='ltr'><strong>Tartari</strong></span> <span class='ocrx_word' id='word_1_11' title='bbox 566 895 750 1012; x_wconf 84' lang='lat' dir='ltr'><strong>depurati</strong></span> <span class='ocrx_word' id='word_1_12' title='bbox 774 919 962 1010; x_wconf 84' lang='lat' dir='ltr'><strong>quantum</strong></span> <span class='ocrx_word' id='word_1_13' title='bbox 980 907 1101 986; x_wconf 87' lang='lat' dir='ltr'><strong>lubet.</strong></span> <span class='ocrx_word' id='word_1_14' title='bbox 1180 915 1182 920; x_wconf 82' lang='grc'><strong>’</strong></span> 
     </span>
    </p>
   </div>
   <div class='ocr_carea' id='block_1_4' title="bbox 229 1045 858 1140">
    <p class='ocr_par' dir='ltr' id='par_1_4' title="bbox 229 1045 858 1140">
     <span class='ocr_line' id='line_1_5' title="bbox 229 1045 858 1140; baseline -0.011 -14"><span class='ocrx_word' id='word_1_15' title='bbox 229 1135 232 1140; x_wconf 53' lang='grc'>,</span> <span class='ocrx_word' id='word_1_16' title='bbox 307 1045 441 1125; x_wconf 91' lang='lat' dir='ltr'><strong>.Solve</strong></span> <span class='ocrx_word' id='word_1_17' title='bbox 467 1049 508 1122; x_wconf 92' lang='lat' dir='ltr'><strong>in</strong></span> <span class='ocrx_word' id='word_1_18' title='bbox 533 1073 619 1124; x_wconf 86' lang='lat' dir='ltr'><strong>vase</strong></span> <span class='ocrx_word' id='word_1_19' title='bbox 643 1059 798 1122; x_wconf 78' lang='lat' dir='ltr'><strong>stanneo</strong></span> <span class='ocrx_word' id='word_1_20' title='bbox 815 1047 858 1120; x_wconf 93' lang='lat' dir='ltr'><strong>in</strong></span> 
     </span>
    </p>
   </div>
   <div class='ocr_carea' id='block_1_5' title="bbox 388 1179 1415 1300">
    <p class='ocr_par' dir='ltr' id='par_1_5' title="bbox 388 1179 1415 1300">
     <span class='ocr_line' id='line_1_6' title="bbox 388 1179 1415 1300; baseline 0.005 -33"><span class='ocrx_word' id='word_1_21' title='bbox 388 1183 530 1298; x_wconf 84' lang='lat' dir='ltr'><strong>Aquae</strong></span> <span class='ocrx_word' id='word_1_22' title='bbox 551 1179 770 1265; x_wconf 84' lang='lat' dir='ltr'><strong>destillatae</strong></span> <span class='ocrx_word' id='word_1_23' title='bbox 788 1189 954 1268; x_wconf 74' lang='lat' dir='ltr'><strong>fervidae</strong></span> <span class='ocrx_word' id='word_1_24' title='bbox 970 1193 1177 1272; x_wconf 83' lang='lat' dir='ltr'><strong>sufficiente</strong></span> <span class='ocrx_word' id='word_1_25' title='bbox 1195 1197 1415 1300; x_wconf 85' lang='lat' dir='ltr'><strong>quantitate.</strong></span> 
     </span>
    </p>
   </div>
   <div class='ocr_carea' id='block_1_6' title="bbox 272 1329 1498 2684">
    <p class='ocr_par' dir='ltr' id='par_1_6' title="bbox 274 1329 1498 2066">
     <span class='ocr_line' id='line_1_7' title="bbox 325 1329 555 1408; baseline 0.009 -2"><span class='ocrx_word' id='word_1_26' title='bbox 325 1333 436 1408; x_wconf 89' lang='lat' dir='ltr'><strong>Tunc</strong></span> <span class='ocrx_word' id='word_1_27' title='bbox 461 1329 555 1408; x_wconf 83' lang='lat' dir='ltr'><strong>adde</strong></span> 
     </span>
     <span class='ocr_line' id='line_1_8' title="bbox 389 1467 1035 1588; baseline 0 -32"><span class='ocrx_word' id='word_1_28' title='bbox 389 1469 576 1588; x_wconf 83' lang='lat' dir='ltr'><strong>Liquoris</strong></span> <span class='ocrx_word' id='word_1_29' title='bbox 596 1467 808 1556; x_wconf 83' lang='lat' dir='ltr'><strong>Ammonii</strong></span> <span class='ocrx_word' id='word_1_30' title='bbox 831 1467 1035 1556; x_wconf 88' lang='lat' dir='ltr'><strong>carbonici</strong></span> 
     </span>
     <span class='ocr_line' id='line_1_9' title="bbox 274 1615 1498 1725; baseline 0.002 -29"><span class='ocrx_word' id='word_1_31' title='bbox 274 1631 422 1696; x_wconf 81' lang='lat' dir='ltr'><strong>tantum</strong></span> <span class='ocrx_word' id='word_1_32' title='bbox 435 1633 481 1695; x_wconf 89' lang='lat' dir='ltr'><strong>ut</strong></span> <span class='ocrx_word' id='word_1_33' title='bbox 492 1619 738 1696; x_wconf 75' lang='lat' dir='ltr'><strong>Ammonium</strong></span> <span class='ocrx_word' id='word_1_34' title='bbox 750 1615 966 1722; x_wconf 85' lang='lat' dir='ltr'><strong>paullulum</strong></span> <span class='ocrx_word' id='word_1_35' title='bbox 977 1617 1199 1722; x_wconf 76' lang='lat' dir='ltr'><strong>praevaleat.</strong></span> <span class='ocrx_word' id='word_1_36' title='bbox 1227 1621 1375 1725; x_wconf 90' lang='lat' dir='ltr'><strong>Liquor</strong></span> <span class='ocrx_word' id='word_1_37' title='bbox 1389 1621 1498 1699; x_wconf 87' lang='lat' dir='ltr'><strong>liltra·</strong></span> 
     </span>
     <span class='ocr_line' id='line_1_10' title="bbox 274 1733 1498 1846; baseline 0.005 -32"><span class='ocrx_word' id='word_1_38' title='bbox 274 1753 336 1816; x_wconf 89' lang='lat' dir='ltr'><strong>tus</strong></span> <span class='ocrx_word' id='word_1_39' title='bbox 355 1744 397 1812; x_wconf 89' lang='lat' dir='ltr'><strong>in</strong></span> <span class='ocrx_word' id='word_1_40' title='bbox 415 1755 501 1816; x_wconf 75' lang='lat' dir='ltr'><strong>rese</strong></span> <span class='ocrx_word' id='word_1_41' title='bbox 520 1743 639 1816; x_wconf 90' lang='lat' dir='ltr'><strong>vitreo</strong></span> <span class='ocrx_word' id='word_1_42' title='bbox 660 1751 726 1812; x_wconf 89' lang='lat' dir='ltr'><strong>aut</strong></span> <span class='ocrx_word' id='word_1_43' title='bbox 745 1733 983 1841; x_wconf 83' lang='lat' dir='ltr'><strong>porcellaneo</strong></span> <span class='ocrx_word' id='word_1_44' title='bbox 1005 1735 1081 1814; x_wconf 88' lang='lat' dir='ltr'><strong>leni</strong></span> <span class='ocrx_word' id='word_1_45' title='bbox 1101 1737 1226 1815; x_wconf 84' lang='lat' dir='ltr'><strong>calore</strong></span> <span class='ocrx_word' id='word_1_46' title='bbox 1243 1755 1433 1846; x_wconf 79' lang='lat' dir='ltr'><strong>evaporet,</strong></span> <span class='ocrx_word' id='word_1_47' title='bbox 1461 1757 1498 1820; x_wconf 87' lang='lat' dir='ltr'><strong>et</strong></span> 
     </span>
     <span class='ocr_line' id='line_1_11' title="bbox 274 1853 1496 1964; baseline 0.003 -28"><span class='ocrx_word' id='word_1_48' title='bbox 274 1873 476 1964; x_wconf 82' lang='lat' dir='ltr'><strong>seponatur</strong></span> <span class='ocrx_word' id='word_1_49' title='bbox 499 1869 545 1934; x_wconf 90' lang='lat' dir='ltr'><strong>ut</strong></span> <span class='ocrx_word' id='word_1_50' title='bbox 566 1853 732 1964; x_wconf 74' lang='lat' dir='ltr'><strong>crystalli</strong></span> <span class='ocrx_word' id='word_1_51' title='bbox 754 1870 1010 1946; x_wconf 82' lang='lat' dir='ltr'><strong>concrescant,</strong></span> <span class='ocrx_word' id='word_1_52' title='bbox 1039 1883 1132 1962; x_wconf 86' lang='lat' dir='ltr'><strong>quas</strong></span> <span class='ocrx_word' id='word_1_53' title='bbox 1154 1856 1301 1938; x_wconf 84' lang='lat' dir='ltr'><strong>ablutas</strong></span> <span class='ocrx_word' id='word_1_54' title='bbox 1324 1863 1496 1940; x_wconf 80' lang='lat' dir='ltr'><strong>etsicccs</strong></span> 
     </span>
     <span class='ocr_line' id='line_1_12' title="bbox 274 1974 826 2066; baseline -0.002 -14"><span class='ocrx_word' id='word_1_55' title='bbox 274 1980 314 2052; x_wconf 90' lang='lat' dir='ltr'><strong>in</strong></span> <span class='ocrx_word' id='word_1_56' title='bbox 334 2003 420 2066; x_wconf 83' lang='lat' dir='ltr'><strong>vase</strong></span> <span class='ocrx_word' id='word_1_57' title='bbox 439 1977 537 2053; x_wconf 89' lang='lat' dir='ltr'><strong>bene</strong></span> <span class='ocrx_word' id='word_1_58' title='bbox 558 1974 686 2052; x_wconf 86' lang='lat' dir='ltr'><strong>clauso</strong></span> <span class='ocrx_word' id='word_1_59' title='bbox 707 2001 826 2052; x_wconf 82' lang='lat' dir='ltr'><strong>serva.</strong></span> 
     </span>
    </p>

    <p class='ocr_par' dir='ltr' id='par_1_7' title="bbox 272 2093 1497 2684">
     <span class='ocr_line' id='line_1_13' title="bbox 324 2093 1494 2206; baseline 0.003 -31"><span class='ocrx_word' id='word_1_60' title='bbox 324 2096 410 2175; x_wconf 89' lang='lat' dir='ltr'><strong>Sint</strong></span> <span class='ocrx_word' id='word_1_61' title='bbox 431 2095 653 2186; x_wconf 83' lang='lat' dir='ltr'><strong>albissimae,</strong></span> <span class='ocrx_word' id='word_1_62' title='bbox 682 2097 807 2200; x_wconf 88' lang='lat' dir='ltr'><strong>primo</strong></span> <span class='ocrx_word' id='word_1_63' title='bbox 829 2093 1124 2200; x_wconf 86' lang='lat' dir='ltr'><strong>subpellucidse,</strong></span> <span class='ocrx_word' id='word_1_64' title='bbox 1151 2111 1319 2203; x_wconf 85' lang='lat' dir='ltr'><strong>tempore</strong></span> <span class='ocrx_word' id='word_1_65' title='bbox 1344 2127 1494 2206; x_wconf 84' lang='lat' dir='ltr'><strong>opacae,</strong></span> 
     </span>
     <span class='ocr_line' id='line_1_14' title="bbox 274 2213 1497 2324; baseline 0.003 -30"><span class='ocrx_word' id='word_1_66' title='bbox 274 2221 314 2294; x_wconf 89' lang='lat' dir='ltr'><strong>in</strong></span> <span class='ocrx_word' id='word_1_67' title='bbox 334 2245 432 2322; x_wconf 86' lang='lat' dir='ltr'><strong>aqua</strong></span> <span class='ocrx_word' id='word_1_68' title='bbox 449 2214 558 2294; x_wconf 83' lang='lat' dir='ltr'><strong>facile</strong></span> <span class='ocrx_word' id='word_1_69' title='bbox 576 2213 789 2306; x_wconf 84' lang='lat' dir='ltr'><strong>solvendae,</strong></span> <span class='ocrx_word' id='word_1_70' title='bbox 809 2241 942 2321; x_wconf 83' lang='lat' dir='ltr'><strong>sapore</strong></span> <span class='ocrx_word' id='word_1_71' title='bbox 959 2215 1202 2318; x_wconf 80' lang='lat' dir='ltr'><strong>refrigerante</strong></span> <span class='ocrx_word' id='word_1_72' title='bbox 1219 2245 1361 2308; x_wconf 81' lang='lat' dir='ltr'><strong>amaro,</strong></span> <span class='ocrx_word' id='word_1_73' title='bbox 1383 2249 1497 2324; x_wconf 86' lang='lat' dir='ltr'><strong>qnan-</strong></span> 
     </span>
     <span class='ocr_line' id='line_1_15' title="bbox 274 2334 1495 2442; baseline 0.003 -28"><span class='ocrx_word' id='word_1_74' title='bbox 274 2352 357 2414; x_wconf 89' lang='lat' dir='ltr'><strong>tum</strong></span> <span class='ocrx_word' id='word_1_75' title='bbox 373 2337 455 2413; x_wconf 87' lang='lat' dir='ltr'><strong>ficri</strong></span> <span class='ocrx_word' id='word_1_76' title='bbox 474 2348 612 2442; x_wconf 86' lang='lat' dir='ltr'><strong>potest,</strong></span> <span class='ocrx_word' id='word_1_77' title='bbox 641 2347 817 2424; x_wconf 80' lang='lat' dir='ltr'><strong>neutrae,</strong></span> <span class='ocrx_word' id='word_1_78' title='bbox 855 2347 894 2410; x_wconf 88' lang='lat' dir='ltr'><strong>et</strong></span> <span class='ocrx_word' id='word_1_79' title='bbox 919 2334 977 2420; x_wconf 40' lang='lat' dir='ltr'><strong>ab¹</strong></span> <span class='ocrx_word' id='word_1_80' title='bbox 991 2337 1281 2439; x_wconf 74' lang='lat' dir='ltr'><strong>inquinamentis</strong></span> <span class='ocrx_word' id='word_1_81' title='bbox 1303 2338 1495 2418; x_wconf 81' lang='lat' dir='ltr'><strong>metallicis</strong></span> 
     </span>
     <span class='ocr_line' id='line_1_16' title="bbox 273 2451 1496 2560; baseline 0.002 -26"><span class='ocrx_word' id='word_1_82' title='bbox 273 2486 317 2536; x_wconf 85' lang='lat' dir='ltr'><strong>ac</strong></span> <span class='ocrx_word' id='word_1_83' title='bbox 344 2456 499 2535; x_wconf 69' lang='lat' dir='ltr'><strong>cauria</strong></span> <span class='ocrx_word' id='word_1_84' title='bbox 517 2456 684 2532; x_wconf 84' lang='lat' dir='ltr'><strong>tartarica</strong></span> <span class='ocrx_word' id='word_1_85' title='bbox 699 2451 853 2542; x_wconf 84' lang='lat' dir='ltr'><strong>liberae,</strong></span> <span class='ocrx_word' id='word_1_86' title='bbox 881 2453 987 2560; x_wconf 87' lang='lat' dir='ltr'><strong>quod</strong></span> <span class='ocrx_word' id='word_1_87' title='bbox 1009 2457 1066 2530; x_wconf 85' lang='lat' dir='ltr'><strong>uti</strong></span> <span class='ocrx_word' id='word_1_88' title='bbox 1089 2457 1128 2530; x_wconf 91' lang='lat' dir='ltr'><strong>in</strong></span> <span class='ocrx_word' id='word_1_89' title='bbox 1147 2453 1220 2532; x_wconf 83' lang='lat' dir='ltr'><strong>lali</strong></span> <span class='ocrx_word' id='word_1_90' title='bbox 1242 2461 1418 2537; x_wconf 80' lang='lat' dir='ltr'><strong>tartarico</strong></span> <span class='ocrx_word' id='word_1_91' title='bbox 1437 2487 1496 2540; x_wconf 84' lang='lat' dir='ltr'><strong>er·</strong></span> 
     </span>
     <span class='ocr_line' id='line_1_17' title="bbox 272 2578 613 2684; baseline -0.006 -31"><span class='ocrx_word' id='word_1_92' title='bbox 272 2578 412 2684; x_wconf 84' lang='lat' dir='ltr'><strong>plorari</strong></span> <span class='ocrx_word' id='word_1_93' title='bbox 435 2589 573 2683; x_wconf 84' lang='lat' dir='ltr'><strong>potest.</strong></span> <span class='ocrx_word' id='word_1_94' title='bbox 608 2619 613 2630; x_wconf 90' lang='lat'>·</span> 
     </span>
    </p>
   </div>
   <div class='ocr_carea' id='block_1_7' title="bbox 530 2761 1249 3031">
    <p class='ocr_par' dir='ltr' id='par_1_8' title="bbox 530 2761 1249 3031">
     <span class='ocr_line' id='line_1_18' title="bbox 530 2761 1249 2874; baseline -0.003 0"><span class='ocrx_word' id='word_1_95' title='bbox 530 2773 836 2874; x_wconf 83' lang='lat' dir='ltr'><strong>Tartarus</strong></span> <span class='ocrx_word' id='word_1_96' title='bbox 879 2761 1249 2872; x_wconf 50' lang='lat' dir='ltr'><strong>humatus„</strong></span> 
     </span>
     <span class='ocr_line' id='line_1_19' title="bbox 615 2929 1152 3031; baseline -0.007 -23"><span class='ocrx_word' id='word_1_97' title='bbox 615 2933 789 3031; x_wconf 82' lang='lat' dir='ltr'><strong>(Cremor</strong></span> <span class='ocrx_word' id='word_1_98' title='bbox 807 2929 1152 3028; x_wconf 73' lang='lat' dir='ltr'><strong>Tarlan&#39;solubr&#39;liv.)</strong></span> 
     </span>
    </p>
   </div>
   <div class='ocr_carea' id='block_1_8' title="bbox 273 3089 1495 4032">
    <p class='ocr_par' dir='ltr' id='par_1_9' title="bbox 273 3089 1495 4032">
     <span class='ocr_line' id='line_1_20' title="bbox 273 3089 962 3182; baseline -0.009 0"><span class='ocrx_word' id='word_1_99' title='bbox 273 3099 332 3182; x_wconf 82' lang='lat' dir='ltr'><strong>Ii.</strong></span> <span class='ocrx_word' id='word_1_100' title='bbox 386 3093 543 3180; x_wconf 83' lang='lat' dir='ltr'><strong>Boraci&#39;s</strong></span> <span class='ocrx_word' id='word_1_101' title='bbox 567 3092 712 3177; x_wconf 88' lang='lat' dir='ltr'><strong>libram</strong></span> <span class='ocrx_word' id='word_1_102' title='bbox 735 3089 962 3178; x_wconf 84' lang='lat' dir='ltr'><strong>dimidiam.</strong></span> 
     </span>
     <span class='ocr_line' id='line_1_21' title="bbox 321 3241 982 3320; baseline 0 0"><span class='ocrx_word' id='word_1_103' title='bbox 321 3245 368 3320; x_wconf 92' lang='lat' dir='ltr'><strong>In</strong></span> <span class='ocrx_word' id='word_1_104' title='bbox 392 3267 479 3320; x_wconf 81' lang='lat' dir='ltr'><strong>vase</strong></span> <span class='ocrx_word' id='word_1_105' title='bbox 502 3241 640 3318; x_wconf 90' lang='lat' dir='ltr'><strong>idoneo</strong></span> <span class='ocrx_word' id='word_1_106' title='bbox 978 3311 982 3320; x_wconf 93' lang='lat'><em>.</em></span> 
     </span>
     <span class='ocr_line' id='line_1_22' title="bbox 385 3365 1179 3486; baseline 0 -30"><span class='ocrx_word' id='word_1_107' title='bbox 385 3371 526 3486; x_wconf 83' lang='lat' dir='ltr'><strong>Aquae</strong></span> <span class='ocrx_word' id='word_1_108' title='bbox 550 3366 770 3454; x_wconf 82' lang='lat' dir='ltr'><strong>destillatae</strong></span> <span class='ocrx_word' id='word_1_109' title='bbox 795 3373 989 3455; x_wconf 86' lang='lat' dir='ltr'><strong>bullientis</strong></span> <span class='ocrx_word' id='word_1_110' title='bbox 1005 3365 1179 3486; x_wconf 86' lang='lat' dir='ltr'><strong>decuplo</strong></span> 
     </span>
     <span class='ocr_line' id='line_1_23' title="bbox 273 3517 562 3605; baseline -0.014 -5"><span class='ocrx_word' id='word_1_111' title='bbox 273 3519 399 3605; x_wconf 88' lang='lat' dir='ltr'><strong>soluto</strong></span> <span class='ocrx_word' id='word_1_112' title='bbox 422 3517 517 3596; x_wconf 85' lang='lat' dir='ltr'><strong>adde</strong></span> <span class='ocrx_word' id='word_1_113' title='bbox 559 3553 562 3560; x_wconf 96' lang='lat'>·</span> 
     </span>
     <span class='ocr_line' id='line_1_24' title="bbox 387 3653 1495 3771; baseline 0 -26"><span class='ocrx_word' id='word_1_114' title='bbox 387 3659 542 3746; x_wconf 77' lang='lat' dir='ltr'><strong>&#39;sartari</strong></span> <span class='ocrx_word' id='word_1_115' title='bbox 564 3653 748 3771; x_wconf 86' lang='lat' dir='ltr'><strong>depurati</strong></span> <span class='ocrx_word' id='word_1_116' title='bbox 773 3654 919 3740; x_wconf 89' lang='lat' dir='ltr'><strong>libram</strong></span> <span class='ocrx_word' id='word_1_117' title='bbox 941 3685 1065 3740; x_wconf 90' lang='lat' dir='ltr'><strong>unam</strong></span> <span class='ocrx_word' id='word_1_118' title='bbox 1088 3653 1185 3741; x_wconf 88' lang='lat' dir='ltr'><strong>curn</strong></span> <span class='ocrx_word' id='word_1_119' title='bbox 1209 3653 1392 3769; x_wconf 85' lang='lat' dir='ltr'><strong>dimidia,</strong></span> <span class='ocrx_word' id='word_1_120' title='bbox 1434 3668 1495 3745; x_wconf 81' lang='lat' dir='ltr'><strong>vel</strong></span> 
     </span>
     <span class='ocr_line' id='line_1_25' title="bbox 831 3783 1215 3889; baseline 0.003 -28"><span class='ocrx_word' id='word_1_121' title='bbox 831 3797 1018 3889; x_wconf 86' lang='lat' dir='ltr'><strong>quantum</strong></span> <span class='ocrx_word' id='word_1_122' title='bbox 1043 3783 1215 3864; x_wconf 82' lang='lat' dir='ltr'><strong>solvitur.</strong></span> 
     </span>
     <span class='ocr_line' id='line_1_26' title="bbox 323 3921 1492 4032; baseline 0 -29"><span class='ocrx_word' id='word_1_123' title='bbox 323 3929 468 4032; x_wconf 88' lang='lat' dir='ltr'><strong>Liquor</strong></span> <span class='ocrx_word' id='word_1_124' title='bbox 486 3925 562 4004; x_wconf 90' lang='lat' dir='ltr'><strong>leni</strong></span> <span class='ocrx_word' id='word_1_125' title='bbox 581 3923 706 4004; x_wconf 86' lang='lat' dir='ltr'><strong>calore</strong></span> <span class='ocrx_word' id='word_1_126' title='bbox 718 3922 764 3998; x_wconf 84' lang='lat' dir='ltr'><strong>ed</strong></span> <span class='ocrx_word' id='word_1_127' title='bbox 777 3921 1054 4000; x_wconf 80' lang='lat' dir='ltr'><strong>consistentiam</strong></span> <span class='ocrx_word' id='word_1_128' title='bbox 1067 3924 1199 4030; x_wconf 80' lang='lat' dir='ltr'><strong>syrupi</strong></span> <span class='ocrx_word' id='word_1_129' title='bbox 1212 3925 1397 4028; x_wconf 87' lang='lat' dir='ltr'><strong>spissioris</strong></span> <span class='ocrx_word' id='word_1_130' title='bbox 1410 3951 1492 4002; x_wconf 86' lang='lat' dir='ltr'><strong>eva·</strong></span> 
     </span>
    </p>
   </div>
   <div class='ocr_carea' id='block_1_9' title="bbox 272 4030 1493 4164">
    <p class='ocr_par' dir='ltr' id='par_1_10' title="bbox 272 4030 1493 4164">
     <span class='ocr_line' id='line_1_27' title="bbox 272 4030 1493 4164; baseline -0.002 -38"><span class='ocrx_word' id='word_1_131' title='bbox 272 4061 400 4153; x_wconf 77' lang='lat' dir='ltr'><strong>poret,</strong></span> <span class='ocrx_word' id='word_1_132' title='bbox 425 4063 506 4123; x_wconf 90' lang='lat' dir='ltr'><strong>tum</strong></span> <span class='ocrx_word' id='word_1_133' title='bbox 524 4073 613 4124; x_wconf 88' lang='lat' dir='ltr'><strong>cum</strong></span> <span class='ocrx_word' id='word_1_134' title='bbox 630 4035 771 4150; x_wconf 79' lang='lat' dir='ltr'><strong>Aquae</strong></span> <span class='ocrx_word' id='word_1_135' title='bbox 785 4030 1005 4164; x_wconf 82' lang='lat' dir='ltr'><strong>destillatae</strong></span> <span class='ocrx_word' id='word_1_136' title='bbox 1017 4033 1196 4150; x_wconf 72' lang='lat' dir='ltr'><strong>partibvs</strong></span> <span class='ocrx_word' id='word_1_137' title='bbox 1210 4031 1338 4120; x_wconf 85' lang='lat' dir='ltr'><strong>nibus</strong></span> <span class='ocrx_word' id='word_1_138' title='bbox 1355 4047 1493 4124; x_wconf 84' lang='lat' dir='ltr'><strong>mixtus</strong></span> 
     </span>
    </p>
   </div>
   <div class='ocr_carea' id='block_1_10' title="bbox 0 0 1680 4736">
    <p class='ocr_par' dir='ltr' id='par_1_11' title="bbox 0 0 1680 4736">
     <span class='ocr_line' id='line_1_28' title="bbox 0 0 1680 4736; baseline 0 1"><span class='ocrx_word' id='word_1_139' title='bbox 0 0 1680 4736; x_wconf 95' lang='lat' dir='ltr'><strong> </strong></span> 
     </span>
    </p>
   </div>
  </div>
 </body>
</html>
