3428 4742
708 293 945 470 tlt)

348 551 356 570 Γ
402 565 615 644 Balsamum
643 563 813 642 naturale
842 563 1094 672 pellucidum,
1129 567 1348 659 flavescens,
1385 567 1472 650 olea

351 689 482 790 pingui
523 685 652 791 paullo
689 689 862 791 spissius,
906 686 1032 763 odoris
1067 686 1283 791 fragrantis,
1327 693 1470 796 saporis

351 811 583 884 amaricantis
616 793 797 883 subactis.
857 806 915 885 Sit
944 810 1169 910 genuinum,
1205 836 1275 885 nec
1304 810 1469 886 terebin-

352 925 474 1014 thina,
500 955 569 1002 nec
596 925 680 1004 oleo
703 925 1001 1032 amygdalarum,
1031 927 1296 1006 adulteratum,
1338 933 1467 1023 Prior,

253 1141 256 1152 Ι
351 1045 516 1122 balsamo
537 1045 640 1122 ferro
665 1047 835 1122 candenti
857 1045 1051 1136 instillato,
1080 1049 1196 1124 odore
1215 1053 1370 1155 proprio
1391 1078 1469 1128 sese

351 1165 492 1269 prodit,
521 1162 694 1256 alterum,
719 1165 885 1242 balsamo
907 1169 946 1241 in
967 1171 1118 1273 spiritus
1139 1171 1217 1244 vini
1237 1169 1470 1247 alcoholisati
1573 1269 1578 1277 ι

354 1299 442 1360 octo
472 1285 642 1388 partibus
672 1283 817 1374 solutu,
854 1304 1033 1364 remanet.
1079 1289 1213 1365 Variae
1239 1295 1378 1395 species
1405 1319 1469 1368 co-

351 1401 433 1480 lore
452 1417 599 1479 tantum
619 1407 734 1508 magis
754 1408 927 1482 minusve
947 1405 1055 1484 fusco
1079 1434 1150 1484 nec
1171 1407 1287 1486 odore
1305 1409 1470 1488 diversae
1580 1495 1583 1508 ¹

353 1527 396 1598 in.
417 1551 530 1600 usum
555 1525 672 1629 recipi
697 1540 868 1630 possunt.

208 1813 211 1820 Δ
251 1745 616 1837 Coriendrum.
649 1749 850 1836 semen.
910 1752 1312 1840 Koriondersomen.

310 1937 590 2020 Coriendrum
626 1945 809 2020 sativum
841 1935 975 2023 Linn.
1039 1949 1175 2023 Planta
1199 1978 1323 2025 annua
1349 1952 1468 2030 Eum·
1551 1961 1553 1966 '

252 2071 255 2077 ’
307 2095 378 2170 pue
403 2067 652 2165 tnertdtbnaleb,
680 2069 781 2168 apud
804 2096 868 2143 nos
892 2071 1001 2143 culta.

403 2241 566 2317 Fructus
592 2240 757 2344 globosi,
790 2243 1000 2331 substricti,
1034 2239 1173 2344 glabri,
1201 2239 1385 2336 sublutei,
1414 2269 1470 2323 sa-

352 2363 454 2463 poris
480 2375 517 2437 et
543 2361 669 2438 odoris
694 2364 885 2439 aromatici
910 2365 1170 2468 non-ingrati:

252 2607 408 2696 Creta
436 2612 567 2740 alba.
637 2611 799 2730 Weisse
825 2579 999 2698 Kmtde.

507 2801 684 2872 Meiros-ale
709 2817 844 2877 memes
861 2795 1019 2900 integros
1044 2801 1217 2901 Europae
1240 2808 1468 2876 consuluere.

277 3033 286 3052 .
404 2971 520 3046 Terra
541 2969 758 3061 cohaerens,
785 2970 957 3060 friabilis,
986 2973 1201 3075 inquinans,
1229 2969 1326 3060 alba,
1355 2971 1472 3050 eeal-

354 3092 452 3166 caria
483 3089 681 3167 carbonica
711 3093 946 3195 potissimum
979 3103 1165 3167 constans.
1219 3089 1389 3197 Eligatur
1418 3091 1471 3168 al-

353 3209 518 3298 bissima,
547 3207 682 3313 rejects
709 3209 809 3287 lutea
836 3226 874 3287 et
898 3213 1063 3287 duriore.

254 3433 468 3524 Cro-cus.
526 3437 701 3552 Sofran.

312 3625 466 3708 &ocus
492 3631 650 3707 sarteas
676 3623 810 3708 Linn.
873 3635 1009 3710 Planta
1043 3640 1208 3738 perennis
1243 3637 1396 3710 Onerat
1434 3641 1471 3710 in

312 3757 463 3857 Europa
487 3755 709 3830 meridionali
728 3757 838 3830 culta.

407 3927 587 4030 Stigmata
619 3955 641 4003 e
671 3927 829 4008 floribus
868 3941 1028 4017 resecta,
1073 3925 1201 4004 colore
1239 3931 1468 4017 aurantiaco,

358 4047 436 4122 basi
462 4046 574 4138 flava,
608 4051 648 4122 in
679 4061 754 4125 tres
783 4045 934 4124 lacinias
960 4047 1062 4139 fissa,
1098 4049 1266 4152 apicibus
1292 4045 1471 4124 lucinula-
