3428 4742
754 281 997 456 (η

238 603 426 690 Medicus
461 601 584 688 dosin
611 605 655 686 in
683 597 766 686 hoc
793 599 907 686 libro'
931 629 1170 718 expressam
1195 605 1240 686 in
1268 604 1465 717 praescri-

220 790 379 880 'bendo
405 804 687 910 transgressus
715 784 858 902 suerit,
899 783 1259 906 Pharmacopolae
1290 785 1466 878 medica·

239 991 431 1066 mentum
470 975 709 1094 dispensare
750 1004 836 1060 uon
876 971 1031 1070 licebit,
1087 977 1169 1062 nisi
1197 970 1384 1062 Medicus
1415 978 1466 1060 si·

241 1193 370 1285 gnum
416 1159 585 1279 aliquod
624 1161 686 1274 (l)
734 1159 942 1276 adjecerit,
1000 1189 1084 1275 quo
1132 1155 1465 1275 pharmacopola
1568 1227 1574 1232 .

241 1353 394 1437 comior
416 1344 501 1442 fiai,
527 1344 740 1434 Medicum
763 1347 970 1462 majorem
992 1343 1117 1432 dosin
1138 1327 1330 1432 consulto
1352 1373 1466 1460 prae·
1567 1353 1570 1359 '

241 1539 465 1652 scripsisse

361 1717 556 1807 Pondera
577 1716 839 1806 medicinalia
859 1717 1014 1836 ubique
1029 1715 1259 1806 secundum
1273 1713 1466 1804 Edictum

241 1904 421 2034 Regium
441 1904 494 1992 de
515 1904 583 1991 die
602 1901 796 2020 xv1.Maji
817 1925 1040 1992 Mucccxrr
1063 1902 1337 2006 determinata
1358 1917 1466 1990 sunt.

242 2089 406 2179 Horum
427 2096 610 2178 rationes
630 2095 674 2175 in
695 2087 779 2177 fine
799 2087 1067 2206 praelationis
1089 2086 1372 2174 indicavimus.

362 2275 547 2362 Nomina
579 2290 918 2395 praeparatorum
955 2269 1239 2361 chemicorum
1273 2278 1317 2360 in
1338 2270 1466 2358 Phar-

241 2493 493 2581 macopoeae
526 2459 708 2549 editione
741 2465 871 2579 priori
905 2459 1082 2546 indicata
1115 2437 1385 2558 retinuimus,
1426 2475 1466 2546 et

242 2655 381 2766 primo
411 2648 504 2734 loco
533 2651 769 2764 posuimus,
810 2677 905 2733 cum
932 2643 1084 2732 Medici
1112 2641 1178 2731 his
1206 2619 1377 2762 jamjam
1398 2645 1465 2730 ad·
1590 2684 1601 2748 χ

200 2909 201 2912 e
242 2839 349 2922 sueti
375 2833 603 2920 videantur.
653 2831 892 2949 Sequuntur
919 2835 1092 2961 nomina
1121 2835 1307 2946 antiqua,
1342 2861 1465 2947 saepe
1574 2793 1584 2802 .

243 3023 468 3138 aptissima.
531 3019 722 3106 Tandem
761 3023 935 3104 nomina
973 3020 1200 3146 novissima
1236 3015 1465 3102 secundum

244 3222 423 3326 systema
461 3188 752 3291 Beraelianum
793 3203 1045 3313 addidimus,
1086 3173 1181 3319 quia
1216 3196 1464 3286 Pharmaco·

244 3423 350 3510 poea
384 3385 574 3512 Anglica,
613 3389 875 3488 Parmensis,
914 3386 1099 3486 Suecica,
1129 3380 1365 3486 Austriaca,
1388 3384 1464 3472 Ba·

242 3583 377 3664 varica
406 3577 612 3695 ejusmodi
639 3561 882 3662 nominibus
910 3589 1092 3660 utuntur.
1153 3570 1251 3658 Non
1284 3572 1464 3661 mullum
1569 3555 1571 3565 ¹

241 3769 354 3859 ¹inter
380 3797 424 3851 se
454 3761 652 3850 differunt
678 3759 827 3850 haecce
854 3765 1045 3880 uomina;
1084 3764 1225 3880 igitur,
1254 3763 1325 3878 qui
1352 3758 1462 3847 illius
1497 3819 1499 3824 =

244 3955 478 4069 systematis
492 3945 678 4039 'nomina
707 3951 963 4069 cognoverit,
1003 3947 1160 4064 reliqua
1194 3944 1313 4033 facile
1347 3947 1463 4034 inlel-

1234 4121 1274 4196 b.
