3352 4736
715 319 995 446 (1³⁹),

264 535 576 675 Magnesia
612 531 993 678 sulphurica
1028 523 1351 678 depurata.

202 697 292 794 (Sal
312 721 475 769 antarum
505 695 733 796 depuratwn.
787 695 942 796 Sulphas
966 700 1184 795 magnesiam
1208 721 1288 770 cum
1314 698 1425 798 Aqua

702 815 928 916 depuratus.)
986 889 990 896 ,
1393 837 1397 846 ’

260 955 463 1074 Magnesia
487 955 718 1072 sulphurica
745 957 868 1044 cruda
898 965 1065 1044 solvatur
1084 971 1125 1048 iu
1150 958 1291 1075 Aquae
1309 985 1425 1046 com·

202 1077 336 1162 munis
353 1087 518 1164 fervidae
531 1091 611 1191 pari
625 1088 807 1192 pondere.
836 1087 986 1164 Salutio
1006 1087 1169 1164 filtrctur
1186 1104 1224 1165 ek
1242 1087 1323 1194 lege
1335 1093 1424 1166 artis

202 1209 242 1282 in
261 1205 456 1314 crystallus
477 1208 681 1310 redigatur,
710 1235 804 1312 quac
824 1211 975 1284 siccatus
995 1233 1112 1284 cerva.

557 1407 865 1546 Magnesia
888 1411 1070 1508 *usta

692 1567 930 1667 (Magnesia.)

258 1698 462 1812 Magnesia
480 1699 693 1794 carbonicu
719 1715 760 1788 in
791 1708 990 1790 crucibulo
1022 1723 1122 1786 tecto
1155 1713 1241 1812 igne
1272 1709 1423 1789 fortiori

199 1843 347 1918 uratur,
381 1830 501 1906 donec
521 1827 718 1936 particula,
747 1850 961 1937 cum'aqua
985 1831 1115 1920 mixta,
1149 1830 1256 1908 acido
1288 1835 1424 1934 quovis

199 1948 339 2038 addito,
360 1947 504 2024 nullam
518 1949 703 2054 producat
722 1951 1043 2026 effervescentiam.
1069 1947 1301 2051 Refrigerata
1319 1955 1360 2024 in
1373 1953 1424 2028 vi·
1484 2011 1487 2018 .

198 2081 260 2144 tro
280 2067 377 2144 benc
397 2069 573 2143 obturato
595 2081 776 2144 servetur.

495 2259 610 2368 Mel
662 2255 1120 2404 despumatum.

198 2459 257 2540 R.
313 2454 449 2541 Mellis
469 2457 698 2540 communis
717 2455 837 2538 libras
854 2451 1045 2566 sedecim,

312 2585 452 2700 Aquae
472 2588 700 2670 communis
720 2583 840 2668 libras
859 2606 971 2668 octo·

248 2717 475 2820 Coquantur
497 2721 537 2792 in
554 2745 640 2794 vase
659 2721 832 2804 stanneo,
857 2731 895 2792 ct
913 2743 1046 2820 spuma
1064 2719 1104 2794 iu
1123 2717 1322 2822 superficie
1340 2736 1421 2798 orta

102 2851 127 2916 ’,
196 2837 387 2914 auferatur
403 2835 603 2924 cochleari,
629 2837 880 2912 foraminibus
893 2840 1017 2940 parvis
1037 2838 1236 2922 instructo.
1276 2841 1422 2944 liquor

197 2953 343 3038 coletur
355 2983 425 3060 per
437 2958 635 3046 manicam,
658 2953 1069 3062 epannoconfcctam,
1095 2970 1133 3032 et
1143 2957 1363 3062 inspissetur
1374 2961 1420 3034 ad

196 3077 325 3180 syrupi
345 3075 635 3179 spissitudinem.
672 3075 788 3152 Serva
805 3073 892 3186 loco
911 3073 1063 3177 frigido.
1124 3161 1126 3166 ⁸

247 3193 306 3270 Sit
318 3193 532 3302 limpidum,
548 3195 679 3273 cilavo
692 3193 861 3286 fuscum,
876 3220 948 3271 uec
961 3193 1101 3286 odoris,
1116 3221 1187 3274 nec
1199 3201 1339 3306 saporis
1349 3227 1421 3276 cm·

195 3315 456 3420 pyreumatici,
481 3329 546 3390 aut
564 3315 672 3390 acidi.
714 3371 717 3380 .

567 3513 698 3654 Mel¹
735 3537 1034 3618 rosatum.
1084 3505 1091 3529 ‘

195 3713 254 3795 R.
309 3709 476 3796 Florum
495 3709 689 3795 Rosamm
708 3713 999 3798 incarnatarum
1023 3712 1159 3797 uncias
1174 3729 1284 3798 octo·

244 3847 405 3938 affunde

309 3973 448 4090 Aquae
467 3979 695 4060 communis
720 3985 886 4062 fervidae
912 3973 1032 4060 libras
1050 3985 1237 4090 quatuor.
