3392 4742
738 321 943 440 (ns)

327 537 434 612 zinco
457 507 623 642 onydato
646 547 684 610 et
704 533 812 612 acido
830 532 1053 640 sulphurieo
1073 547 1261 628 constans,
1288 533 1453 642 plerum·

276 751 283 766 ι
327 680 404 762 que
423 656 526 734 ferro
548 671 586 734 et
605 683 726 762 cupro
747 659 968 760 inquinatus
987 656 1094 762 quod
1109 654 1260 760 liquore
1278 653 1354 732 lali
1376 656 1451 733 fer-

326 777 813 886 mginoso-hydrocynnici
834 792 872 853 et
891 779 1071 855 ammonii
1093 779 1247 856 caustici
1265 777 1452 884 dignosci·

326 911 404 974 tur.
446 896 666 1003 Rejiciatur,
695 897 802 1004 quod
825 897 946 1006 cupro
966 900 1208 1003 inquinatum
1228 911 1297 978 est.

224 1203 494 1291 Zedoaria.
526 1205 707 1294 Radix.
767 1187 1114 1328 Zittwentvunel.

283 1404 495 1490 Curcuma
531 1406 742 1491 Zedoorio
775 1409 955 1518 Rosam,
991 1406 1041 1490 C.
1062 1405 1295 1491 Zerumbet
1327 1404 1452 1489 Rox-

283 1525 434 1642 burglt.
464 1539 601 1612 Planta
616 1544 783 1641 perennis
799 1539 932 1614 Indiae
952 1537 1143 1614 orientals'sss

376 1758 497 1834 Radix
516 1758 727 1863 (rhizoma),
756 1757 920 1864 oblonga
940 1787 1008 1838 seu
1028 1759 1247 1846 subconica‚
1275 1757 1451 1836 radiculis

326 1891 364 1954 et
389 1880 613 1985 cpidermide
639 1880 867 1986 plerumque
891 1884 1057 1974 resectis,
1090 1885 1169 1987 ipsa
1195 1880 1451 1984 longitudino·

324 1996 412 2076 liter
438 2015 551 2090 secu,
590 2015 798 2106 compacto,
835 2016 944 2077 extus
971 2029 993 2078 e
1017 2001 1128 2078 fusco
1153 2003 1314 2093 cinerea,
1349 2003 1451 2078 intus

325 2119 468 2210 albida,
507 2117 688 2198 folliculis
720 2124 864 2228 parvis,
900 2119 1127 2214 resiniferis,
1162 2124 1305 2227 saporis
1339 2123 1448 2212 acris,

324 2243 572 2330 amaricantis,
601 2241 728 2319 odoris
748 2243 959 2346 fragrantis,
989 2239 1335 2349 subcamphoracei.
1374 2241 1450 2317 Ha-

323 2362 464 2437 bentur
486 2361 644 2466 majores
665 2389 732 2440 seu
756 2363 960 2442 Zedoariae
979 2361 1113 2470 longae
1137 2377 1176 2441 et
1198 2367 1363 2442 minores
1383 2389 1451 2441 seu

325 2481 526 2558 Zedoariae
550 2483 749 2560 rotundae.

222 2761 454 2874 Zincum.
515 2789 645 2874 Ztnt.

475 2996 639 3068 Paratur
657 3021 680 3068 e
698 2999 840 3068 minens
862 2994 972 3088 Zinci
994 2997 1200 3069 carbonibus
1235 2999 1357 3070 nouos
1388 3021 1449 3070 su-

474 3115 674 3190 blintattone
709 3120 747 3190 in
780 3115 892 3190 Indu
928 3117 1112 3214 orientali,
1151 3116 1286 3217 Anglia
1318 3134 1355 3191 et
1390 3119 1450 3194 Si-
1512 3161 1517 3174 ·
1615 3163 1619 3174 ·

474 3235 574 3326 lesia.

373 3423 573 3502 Metallum
599 3452 644 3503 ex
673 3423 799 3503 albido
829 3425 1102 3518 coerulescens,
1129 3426 1297 3506 fractura
1321 3427 1450 3506 lamel-

322 3545 461 3638 losum,
489 3545 634 3650 fragile,
663 3545 888 3624 calefactum
905 3546 1042 3625 malleo
1060 3548 1253 3640 obediens,
1281 3547 1447 3627 volatile.

321 3667 490 3772 Ignitum
512 3668 584 3746 sub
601 3670 863 3746 airis'acoessu
880 3668 1071 3746 flammam
1091 3697 1138 3747 ex
1156 3667 1243 3746 albo
1262 3671 1450 3749 virescen-

321 3799 400 3864 tem
422 3791 638 3896 concipiens
660 3791 708 3864 in
727 3789 909 3896 oxydum,
939 3789 1063 3868 calens
1083 3793 1263 3870 citrinum
1281 3805 1376 3872 tunc
1396 3792 1449 3870 al·

320 3909 429 4002 bum,
456 3925 638 3988 mutatur.
675 3913 719 3987 P.
736 3937 838 4016 spec.
855 3947 900 3982 =
915 3914 988 4002 6,8
1009 3951 1050 3976 -υ
1070 3912 1107 4003 7,
1125 3919 1159 3987 1.
