3392 4742
716 289 960 482 (isat

315 577 436 664 Acidi
450 577 671 694 sulphurici
692 575 807 662 crudi
826 577 967 660 unciae
983 595 1157 694 quatuor
1171 575 1218 662 ad
1229 605 1296 662 sex

203 709 346 785 additae
368 726 469 785 sunt.
1378 794 1384 800 ¹
1442 783 1446 792 ,

251 829 335 904 Fiat
360 857 457 906 nova
484 825 702 918 destillatio,
737 826 856 905 donec
885 825 1112 904 destillatum
1136 829 1289 932 spiritus
1314 823 1430 903 affusi

94 1049 96 1053 Ι
204 951 451 1052 quantitatem
463 961 617 1049 aequet,
647 973 744 1050 quae
763 951 931 1051 operatio
946 975 1034 1034 cum
1053 945 1163 1023 simili
1182 949 1337 1052 spiritus
1350 949 1431 1024 vini

205 1081 241 1144 et
265 1067 359 1144 acidi
383 1066 594 1172 sulphurici
618 1069 851 1170 quantitate
847 1067 906 1142 bis
931 1079 1036 1143 terve
1055 1080 1179 1170 potest
1198 1067 1330 1170 repeti.
1359 1067 1431 1142 Li·

204 1215 370 1290 quorum
388 1185 650 1263 aethereorum
668 1185 725 1262 bis
743 1184 1058 1263 destillationibus
1080 1185 1324 1263 obtentorum
1339 1205 1429 1291 par-

205 1295 328 1380 tibus
341 1292 561 1379 duodecim
595 1305 780 1382 addantur

319 1443 459 1558 Aquae
478 1447 705 1528 communis
724 1464 853 1558 partes
872 1465 951 1529 tres

317 1574 502 1689 Liquon's
521 1573 615 1658 Kali
634 1575 798 1658 caustici
816 1581 906 1690 pa'rs
924 1605 1019 1686 una,

205 1735 242 1799 et
261 1735 557 1824 conquassentur
574 1724 615 1796 in
633 1749 718 1798 vase
738 1721 882 1798 clauso.
908 1721 1048 1797 Aether
1067 1733 1312 1826 supernatans
1331 1749 1351 1796 a
1370 1749 1428 1799 re·
1495 1721 1500 1732 '

204 1837 311 1944 liquo
325 1833 444 1918 lluido
463 1853 667 1945 separetur,
697 1856 733 1916 et
752 1870 867 1946 super
887 1841 1098 1918 carbonum
1116 1839 1273 1945 pulvere
1293 1854 1331 1916 et
1349 1869 1428 1916 ma·
1452 1905 1456 1910 ,

204 1963 330 2063 gnesia
349 1957 446 2049 usta,
475 1959 599 2038 calore
618 1958 875 2046 blandissimo,
904 1959 1132 2034 rectificetur
1155 1962 1207 2035 ita
1229 1973 1274 2034 ut
1295 1974 1430 2062 quarta

204 2077 264 2156 vel
284 2083 393 2156 tertia
415 2107 500 2184 pars
520 2093 722 2154 remaneat.
758 2080 804 2152 In
817 2080 912 2153 vasis
933 2077 1031 2152 bene
1052 2076 1185 2180 clausis
1205 2103 1324 2154 serva.

255 2199 313 2276 Sit
333 2193 469 2275 coloris
491 2224 638 2302 expers,
671 2211 709 2272 et
729 2195 836 2272 acido
855 2185 1083 2300 sulphuroso
1103 2209 1170 2272 aut
1188 2194 1426 2302 sulphurico,

205 2316 366 2420 oleoque
390 2319 467 2391 vini
484 2315 608 2422 plane,
633 2317 767 2420 spiritu
780 2318 857 2391 vini
878 2329 916 2391 et
935 2343 1032 2419 aqua
1050 2337 1219 2422 quoque,
1242 2331 1429 2420 quantum

205 2436 434 2541 heripotest,
448 2435 559 2512 liber.
593 2437 765 2512 Primum
784 2436 915 2526 odore,
943 2433 1094 2539 liquore
1106 2434 1259 2541 barytae
1271 2439 1429 2514 nitricae
1566 2501 1568 2508 .

204 2569 351 2659 etaqua
362 2553 704 2660 hydrosulphurata
717 2553 954 2659 exploratum
979 2553 1107 2632 oleum
1118 2558 1212 2645 vini,
1226 2553 1429 2660 postquam

204 2673 333 2752 aether
345 2671 514 2758 avolavit,
527 2677 568 2750 in
580 2701 665 2750 vase
678 2687 859 2765 remanet3
875 2676 1029 2778 spiritus
1039 2675 1117 2748 vini
1131 2672 1244 2756 adest,
1257 2676 1288 2750 si
1299 2675 1428 2752 aether

85 2781 89 2790 ⁵
204 2795 245 2868 in
257 2819 376 2896 aquae
393 2790 594 2868 destillatae
607 2795 754 2868 minore
767 2795 972 2896 quantitate
986 2819 1102 2894 quam
1115 2790 1244 2867 decern
1256 2793 1428 2897 partibus

205 2911 378 3000 solvitur,
406 2939 501 3014 aqua
527 2909 843 3014 exploratur·hali
866 2911 1069 2986 carbonico
1090 2910 1196 3012 quod
1216 2913 1257 2986 in
1278 2911 1428 2990 aethere

206 3031 252 3107 ab
267 3029 330 3106 illa
343 3029 464 3108 libero
479 3032 620 3106 siccum
632 3041 811 3104 remanet.
845 3031 884 3104 P.
894 3020 1090 3136 spec..·=0,
1102 3032 1265 3122 730-0,
1277 3031 1364 3108 740.

562 3238 815 3378 Alumeu
851 3263 1070 3344 ustum.

472 3505 477 3516 Ι
520 3400 695 3502 (Sulplms
724 3401 1115 3522 atanarico-kalares.)

262 3550 439 3637 Alumen
461 3549 633 3636 crudum
651 3575 785 3638 uratur
797 3563 837 3636 in
850 3561 1051 3640 crucibulo
1065 3559 1205 3666 amplo,
1221 3573 1288 3637 aut
1298 3561 1338 3636 in
1352 3558 1428 3638 olla

206 3679 313 3757 fictili
325 3708 405 3757 non
417 3683 571 3756 vitreata
588 3683 674 3758 satis
694 3683 834 3785 capaci,
850 3681 971 3760 donec
986 3681 1068 3760 fere
1080 3695 1206 3760 totum
1218 3681 1259 3754 in
1271 3707 1428 3758 massam

204 3797 327 3875 levem
348 3803 584 3904 spongiosam
606 3799 727 3890 abeat,
755 3827 854 3904 quae
871 3830 892 3876 a
910 3829 1029 3878 massa
1050 3812 1244 3905 compacta
1263 3815 1428 3945 separata

204 3915 340 3994 loco
311 3945 411 3996 sicco
431 3933 612 3998 servetur.

148 4145 156 4164 Ι
257 4029 475 4117 Sitcoloris
478 4065 609 4145 expers
623 4041 834 4118 etmaxima
847 4065 892 4116 ex
906 4039 1065 4146 partein
1083 4065 1180 4143 aqua
1193 4036 1367 4118 solubile.
