3392 4742
724 332 928 448 (127)

207 543 772 651 lanuginoso·hydrocyanioi,
801 541 930 622 colore
955 541 1055 622 ssavo
1087 557 1125 621 et
1155 543 1271 622 odore
1295 567 1436 648 eogno-
1491 596 1496 602 -

209 667 341 745 scitur.
370 668 414 743 P.
431 691 594 772 spem:
612 671 926 756 1,110-1,120.

337 1011 340 1018 .
494 929 763 1040 Acidum
813 935 1144 1040 uitricum.

402 1193 412 1208 .
602 1102 767 1204 (Speleou
779 1103 883 1178 Nica·
901 1099 1041 1204 academ)

207 1265 266 1348 R.
321 1259 416 1348 Kali
443 1263 577 1348 nit1ioi
606 1259 788 1380 depurati
812 1269 999 1377 pulverati
1025 1257 1145 1346 libras
1169 1281 1281 1346 octo.

256 1419 306 1495 In
324 1433 505 1496 retortam
527 1423 686 1498 vitream
706 1422 792 1498 satis
813 1446 987 1524 capacem
1006 1419 1180 1496 immissis
1200 1413 1351 1493 afflande
1496 1484 1498 1490 .

322 1565 445 1652 Acidi
458 1567 680 1683 sulphurici
695 1564 810 1654 crudi
824 1564 943 1650 libras
952 1587 1126 1683 quatuor
1139 1595 1235 1652 cum
1250 1557 1431 1676 dimidia,

209 1813 213 1822 Ι
319 1698 488 1815 Aquae
478 1702 706 1788 communis
720 1699 832 1786 libris
846 1697 976 1783 tribus

207 1868 317 1932 caute
337 1854 487 1935 dilutas.
527 1856 753 1964 Applioetur
771 1853 990 1962 excipulum
1006 1851 1190 1960 amplum,
1218 1855 1282 1930 oui

321 2002 463 2120 Aquae
483 1999 703 2088 destillatae
723 2001 847 2087 librae
866 2022 1039 2118 quatuor

206 2173 315 2237 antea
339 2171 430 2236 aunt
447 2161 654 2266 immissae.
695 2161 777 2236 Fiat
803 2155 1000 2246 destillatio
1026 2183 1072 2236 ex
1097 2182 1220 2248 mena,
1249 2157 1336 2260 igne
1355 2155 1432 2259 pri·

205 2307 313 2356 mum
332 2281 550 2371 remissiori,
579 2279 651 2358 sub
670 2279 784 2356 finem
803 2278 1033 2386 pedetentim
1051 2291 1178 2370 aucto,
1206 2277 1253 2354 ad
1272 2277 1428 2356 siccum.

204 2397 474 2510 Anido-elicito
495 2397 634 2477 instilla
740 2407 742 2410 ’

318 2545 540 2664 Liquorem
562 2546 731 2663 Argenti
751 2546 883 2632 uitrici
1003 2608 1006 2614 a

203 2703 388 2808 quamdiu
417 2702 506 2781 inde
532 2703 576 2780 fit
596 2702 815 2793 turbidum,
843 2700 1008 2780 cavendo
1038 2727 1088 2778 ne
1110 2703 1228 2778 nimia
1253 2704 1364 2806 eopia
1385 2701 1431 2777 li·

203 2825 337 2926 quotis
352 2825 497 2927 argenti
516 2825 643 2904 nitrici
659 2821 829 2899 addatur.
858 2822 1071 2926 ¹Seponatur
1087 2847 1157 2925 per
1172 2819 1321 2926 'aliquot
1336 2819 1427 2900 dies.

202 2943 307 3019 Tum
328 2941 518 3048 liquorem
544 2940 748 3048 limpidum
773 2941 967 3032 decumbo,
996 2953 1034 3018 et
1055 2967 1077 3040 e
1097 2953 1251 3031 retorta,
1278 2940 1359 3018 fere
1384 2941 1432 3017 ad
1544 3023 1546 3026 ,

203 3063 349 3140 siceum
379 3061 616 3156 destillando,
648 3060 826 3142 rectifioa.
879 3063 926 3138 In
957 3061 1052 3140 vasis
1082 3063 1279 3167 epistomio
1308 3064 1430 3140 vitreo

203 3179 485 3262 clausissem.
597 3255 599 3262 ,

252 3304 389 3379 Parare
406 3301 497 3381 licet
520 3331 677 3409 quoque
702 3329 749 3380 ex
770 3288 903 3378 Anido
918 3292 1064 3377 nitlico
1079 3291 1207 3378 crudo
1225 3303 1331 3382 acido
1351 3302 1429 3381 sul·

201 3420 366 3529 phurico
386 3451 467 3501 non
486 3427 699 3528 inquinato,
727 3421 1008 3516 rectificatione,
1036 3439 1202 3530 separata
1222 3425 1429 3529 quantitate
1510 3451 1511 3454 ¹

202 3545 328 3650 primo
351 3543 579 3650 prodeunte,
606 3569 706 3646 quae
728 3542 836 3621 acido
855 3545 1054 3623 muriatico
1074 3557 1202 3622 scatet.

253 3663 313 3742 Sit
334 3665 382 3740 ab
407 3663 516 3742 acido
540 3665 741 3742 muriatico
766 3677 804 3741 et
826 3661 1047 3769 sulphurioo
1072 3664 1251 3755 liberum,
1281 3661 1429 3768 liquore

53 3791 61 3803 “
201 3787 345 3890 argenti
370 3787 498 3862 nitrioi
522 3797 561 3861 et
584 3783 739 3891 barptae
760 3787 916 3863 nitrioae
936 3783 1224 3892 explorandum.
1263 3785 1422 3892 Papae

200 3909 576 4000 =1,195-1‚.205
