3392 4742
734 351 1032 486 (tarr

221 589 338 679 dilue,
367 589 480 679 filtra,
509 603 546 664 et
563 591 604 664 in
624 615 687 666 ras
700 591 876 682 vitreum,
905 580 1047 697 Aqme
1061 575 1280 670 destillans
1301 591 1449 668 circiter

221 699 342 784 libras
356 701 499 814 viginti
523 708 599 812 jam
617 701 828 802 continens}
854 712 1017 792 effunde.
1054 714 1345 816 Praecipitatum
1362 711 1450 791 inde
1486 727 1491 736 '

221 844 354 907 natum
375 828 566 918 edulcora,
589 846 626 906 et
647 827 733 908 loco
755 831 876 910 calido
897 833 1079 910 umbroso
1101 835 1258 910 exsicca.
1290 834 1337 911 In
1353 834 1448 915 vasis

221 950 319 1026 benc
340 949 474 1027 clausis
495 979 613 1026 sarva.

274 1069 333 1147 Sit
350 1069 597 1162 albissimum,
627 1067 839 1174 splendens,
867 1087 933 1148 aut
949 1075 1064 1151 instar
1082 1073 1250 1177 pulueris
1269 1085 1336 1176 aut
1353 1098 1375 1149 e
1394 1069 1449 1146 la·
1587 1069 1591 1079 ’

223 1188 344 1267 mellis
362 1217 430 1267 seu
443 1194 607 1296 squamis
626 1193 791 1270 minimis
809 1207 996 1282 constans,
1025 1220 1095 1270 nec
1120 1193 1228 1270 acido
1249 1193 1450 1275 muriatico

222 1336 294 1386 nec
314 1309 536 1414 sulphurico
554 1313 808 1412 inquinatum,
839 1313 944 1416 quod
962 1311 1113 1417 liquore
1129 1315 1281 1420 barytae
1295 1313 1450 1399 nitricae
1567 1317 1570 1324 '

224 1443 263 1506 et
286 1433 426 1534 argenti
453 1432 580 1504 nitrici
605 1427 837 1534 exploratur.
962 1529 972 1544 ο

490 1665 771 1770 Calcaria
821 1670 1180 1772 muriatica.

376 1830 457 1928 (Sal
469 1805 727 1904 ammoniacum
731 1830 875 1930 fixum
924 1831 1132 1908 Clslorctum
1154 1831 1299 1931 calcu.)

154 1987 157 1994 ’
224 1985 284 2068 R.
337 1981 595 2070 Conchcrum
615 1957 930 2096 praeparatarum
945 1993 1042 2068 bene
1055 2007 1310 2083 cxcoctarum,
1331 2019 1450 2096 ainan-

276 2161 390 2242 Solve
414 2167 453 2239 in
786 2128 870 2190 tum
896 2116 966 2192 ris.

340 2275 462 2370 Aci'di
484 2286 684 2397 muriatici
710 2297 917 2398 quantitate
933 2291 1157 2371 sufficiente.

211 2413 214 2422 ’
278 2415 429 2498 Solutio
450 2414 586 2494 liltrcta
608 2419 648 2492 in
670 2441 756 2494 vaae
775 2418 895 2496 vitreo
916 2428 983 2492 cut
1003 2412 1240 2520 porcellaneo
1258 2429 1447 2518 evaporet.

107 2579 114 2594 ·
227 2535 292 2613 Sal
310 2539 454 2618 siccum
472 2535 595 2614 adhuc
614 2534 737 2614 calens
756 2539 879 2646 statim
897 2539 937 2612 in
956 2563 1019 2612 vas
1033 2537 1196 2612 vitreum
1213 2537 1342 2638 ingere
1360 2539 1451 2612 etin
1537 2545 1539 2548 ’

226 2658 311 2760 ipso
331 2656 428 2730 bene
447 2654 574 2734 clauso
597 2683 715 2736 serra.

279 2773 337 2851 Sit
356 2772 492 2854 coloris
507 2796 656 2878 expers,
685 2779 724 2852 in
744 2803 840 2880 aqua
859 2775 969 2879 plane
988 2769 1173 2861 solubilis,
1202 2785 1240 2848 et
1257 2773 1305 2850 ab
1323 2776 1450 2878 inqui·

227 2897 411 2971 ramentis
423 2894 618 2972 metallicis
635 2893 768 2982 libera,
789 2891 894 2998 quod
914 2920 1012 2995 aqua
1028 2890 1384 2997 hydrosulphurata,
1413 2909 1452 2974 et

227 3013 378 3119 liquore
390 3017 569 3094 ammonii
588 3017 756 3102 caustici‚
778 3015 1031 3118 cognoscitur.

278 3135 335 3214 Ne
361 3133 582 3212 adhibeatur
607 3131 721 3237 hujus
751 3131 838 3213 loco
862 3125 1015 3210 calcaria
1036 3133 1233 3209 muriatica
1258 3133 1450 3212 ereaiduo

212 3268 315 3360 'post
333 3258 654 3372 praeparationem
674 3253 833 3356 liquoris
852 3255 1031 3332 ammonii
1051 3255 1206 3332 caustici
1225 3269 1365 3358 parata.

359 3541 361 3549 ’
474 3507 754 3614 Calcaria
804 3505 1201 3655 sulphurata.

230 3671 374 3774 (Hcpar
396 3671 585 3772 Sulplnris
605 3671 815 3746 calcamum.
857 3670 1110 3772 Srdphurctum
1131 3671 1249 3746 Calczi'
1270 3697 1350 3744 cum
1366 3672 1448 3746 Sut-
1526 3633 1528 3638 V

690 3791 802 3894 phata
826 3791 984 3889 calciso.)

199 3930 289 4012 'R.
347 3925 478 4042 Gypsi
496 3949 624 4043 partes
642 3949 797 4042 septem
809 3962 820 4038 3

229 4078 345 4154 misce
370 4097 460 4152 cum
