3352 4736
649 245 955 413 strata)

292 511 410 586 Mixta
428 512 468 584 in
486 507 609 585 lebete
627 523 782 586 stanneo
800 524 1016 614 coquantur
1034 509 1081 585 ad
1093 509 1213 590 mallia
1225 509 1359 615 liquidi
1374 515 1465 619 apit-

242 631 456 706 titudinem.
485 631 531 704 In
553 632 648 705 vasis
668 630 766 706 bene
786 629 970 705 obturatis
991 628 1078 706 loeo
1098 630 1235 732 frigido
1258 659 1377 710 serva.

292 748 351 825 Sit
369 747 584 852 limpidum,
608 749 775 840 luscum,
799 751 847 826 ab
869 765 1150 855 empyreumate
1165 739 1330 828 liberum
1349 778 1392 830 ao
1409 778 1466 830 aa·

240 869 343 972 poris
366 870 482 944 amari
503 869 611 945 acria.
704 929 708 938 .

551 1177 814 1320 Oxymel
866 1177 1162 1321 simplex,

241 1389 300 1472 lt.
359 1386 476 1473 Aceti
494 1387 639 1474 libram
657 1422 796 1502 unam,
1109 1505 1113 1514 Ι
1218 1479 1220 1486 ,

357 1517 493 1607 Mellis
514 1517 738 1636 despumati
757 1519 875 1604 libras
895 1509 1008 1605 duas.
1405 1619 1413 1630 ‚

292 1667 414 1742 Miata
429 1667 604 1744 inlebete
623 1683 779 1743 stanneo
799 1695 923 1770 coque
939 1668 991 1770 vad
1007 1665 1127 1747 mellis
1151 1665 1287 1770 liquidi
1305 1669 1468 1774 apiaaitu·

107 1831 110 1836 ·
240 1786 380 1862 diuam.
417 1786 532 1860 Serva
552 1785 637 1862 loco
659 1785 797 1888 frigido
816 1789 857 1860 in
875 1789 971 1864 rasis
992 1787 1089 1863 bene
1110 1788 1306 1866 obturatis.

291 1906 349 1982 Sit
360 1903 575 2010 limpidum,
598 1905 868 1983 flavo-fuscum
882 1919 919 1981 et
932 1907 979 1980 ab
993 1919 1276 2012 empyreumate
1288 1903 1463 1984 liberum.

240 2219 412 2318 Pasta
448 2142 923 2359 Glycyrrliizae
954 2265 1021 2316 seu
1055 2215 1459 2360 Liquiritiae.

240 2431 299 2514 Il.
354 2425 514 2514 Radicis
531 2427 817 2540 Glycyrrhizae
841 2427 997 2544 glabrae
1022 2435 1273 2540 grossiuacule
1298 2440 1466 2516 conuiuae

799 2561 936 2645 uncias
957 2555 1070 2642 duas.

290 2671 441 2748 Macera
458 2699 526 2777 per
540 2688 691 2752 noctem
705 2676 745 2748 in

356 2811 497 2926 Aquae
515 2815 743 2897 eommunis
766 2810 878 2898 libris
896 2831 1008 2896 oet0.

291 2935 338 3032 Ia
357 2957 485 3034 infuso
506 2957 628 3036 colato
651 2957 844 3037 solvantur

355 3093 526 3180 Gummi
545 3093 742 3181 Mimosae
768 3103 876 3182 electi
903 3095 1026 3180 librae
1041 3091 1143 3178 duae
1162 3124 1259 3180 cum
1278 3091 1461 3206 dimidia,

347 3222 542 3318 ,Sacchari
565 3226 757 3314 albissirni
782 3225 884 3310 libra
906 3255 987 3310 uua
1010 3255 1106 3310 erun
1127 3223 1310 3332 dimidia.

291 3369 468 3450 Colatum
485 3369 562 3446 leni
580 3378 680 3474 igue,
709 3375 788 3452 sine
805 3373 1004 3477 agitatione
1023 3387 1060 3450 et
1079 3373 1372 3450 cauteevitando
1386 3397 1463 3447 em·

227 3519 437 3597 pyreum,
471 3505 662 3596 evaporet,
696 3491 816 3568 donec
840 3507 957 3596 gutta,
985 3491 1145 3569 laminae
1170 3491 1375 3568 metallicae
1397 3491 1464 3566 fri-

239 3611 344 3714 gidae
369 3609 558 3702 instillata,
596 3625 784 3688 commota
808 3611 928 3686 fluere
956 3611 1112 3688 desinat.
1165 3613 1291 3702 Tunc,
1320 3623 1465 3688 remota

238 3728 428 3836 pellicula,
457 3745 565 3808 caute
587 3730 738 3806 eilunde
757 3733 797 3803 in
814 3731 1034 3831 sartaginem
1054 3729 1225 3820 calidam,
1249 3745 1287 3807 et
1309 3757 1355 3805 ex
1377 3729 1462 3818 hac,

237 3863 438 3956 postquam
450 3849 577 3926 bullae
597 3851 859 3954 disparuerint,
882 3851 923 3922 in
943 3847 1254 3956 cistulas'planas,
1278 3877 1299 3926 e
1317 3847 1465 3925 laminis

242 3968 374 4045 ferreis
399 3981 532 4045 stanno
559 3969 731 4046 obductis
755 3981 919 4074 paratas,
953 3981 991 4043 et
1014 3967 1162 4044 tantillo
1186 3967 1262 4046 olei
1289 3965 1463 4072 amygda-

1639 4051 1642 4230 t
