3392 4742
772 359 792 476 (
834 257 916 448 aaa
950 290 977 475 Ι)

486 571 562 656 hae
628 594 632 603 ’

369 571 555 822 Alalallrralti
565 635 813 819 'singulorum
829 709 1117 820 pulveratorum
1141 709 1279 795 uncias
1294 731 1483 826 quatuor.

305 843 411 922 Adde
1485 871 1488 878 ⁴

366 971 640 1084 Ammoniaci,

364 1103 555 1217 Galbam,

253 1354 262 1368 ⁸
368 1237 561 1354 Sagapeni
575 1241 814 1347 singulorum
833 1231 1121 1349 depuratornm
1139 1239 1277 1327 uncias
1291 1263 1481 1360 quantuor,

248 1377 291 1428 m

365 1451 680 1539 Terebinthinae
696 1452 927 1534 communis
945 1454 1075 1538 unciis
1097 1484 1164 1540 sex

247 1599 402 1680 solutas.
430 1603 535 1680 Tum
555 1599 627 1678 sub
646 1599 889 1701 agitationem
907 1599 1059 1679 affunde
1113 1575 1115 1582 Ι

361 1722 454 1811 Olei
478 1721 572 1808 Lini
596 1719 834 1833 sulphurati5

475 1851 804 1965 Terebinthinae‚
841 1859 1079 1967 singulorum
1104 1858 1244 1942 uncias
1263 1877 1376 1944 octo.

296 2006 378 2087 Sub
403 2004 519 2082 finem
544 2004 713 2078 immisce

360 2143 625 2260 Camphorae‚
661 2153 701 2224 in
729 2138 820 2226 Olei
854 2137 1066 2226 Olivamm
1102 2148 1270 2256 pauxillo
1315 2151 1474 2246 solutae,

462 2361 465 2370 ¹
805 2274 970 2356 unciam
988 2303 1112 2358 unam
1130 2294 1172 2358 et
1191 2269 1417 2360 dimidiam.

295 2429 378 2503 Fiat
390 2423 636 2532 emplastrum
649 2419 776 2512 molle,
801 2425 841 2497 in
855 2425 950 2500 vasis
969 2423 1068 2500 bene
1080 2421 1214 2501 clausis
1233 2423 1472 2502 servandum.

344 2565 457 2643 Nota.
494 2567 624 2640 Omnia
654 2545 844 2664 emplastra
874 2567 1107 2668 aequabiliter
1130 2569 1246 2638 andria
1271 2591 1347 2638 esse
1372 2591 1474 2668 opor·

490 2701 551 2772 tet,
580 2685 773 2786 linteoque,
802 2683 927 2756 saltem
952 2686 1122 2782 emollite,
1150 2683 1384 2760 adimereeut.

464 2893 841 2994 Extractum
891 2883 1241 2994 absinthii.

239 3093 298 3176 R.
357 3097 627 3176 Summitatum
638 3085 1008 3175 HerbaeAbsinthii
1022 3100 1284 3202 quantumvis.

288 3239 469 3316 Minutim
489 3238 646 3313 concisis
668 3240 765 3313 etin
784 3265 849 3314 vas
869 3239 1051 3316 idoneum
1074 3241 1247 3314 immissis
1267 3239 1419 3316 affunde

354 3378 495 3494 Aquae
520 3378 749 3461 communis
775 3359 941 3464 fervidae
968 3373 1206 3493 decuplum.

288 3538 441 3643 Sepone
455 3562 523 3642 per
544 3527 706 3638 triginta
718 3510 785 3612 sex
798 3533 925 3622 horas,
951 3535 1111 3612 subinde
1124 3534 1311 3640 agitando,
1335 3548 1467 3612 ettam

236 3659 428 3766 liquorem
449 3656 695 3763 exprimendo
719 3685 859 3764 separa.
901 3655 1112 3732 Residuum
1138 3658 1277 3732 iterum

351 3797 493 3916 Aquae
516 3798 743 3884 communis
769 3805 936 3883 fervidae
962 3795 1182 3912 quintuplo

236 3946 398 4024 infunde
406 3959 446 4023 et
454 3935 541 4052 post
555 3934 880 4051 refrigerationem
893 3947 1074 4050 exprime.
1090 3944 1278 4045 Liquores
1291 3948 1464 4048 expressi,

235 4065 483 4159 subsidendo,
513 4065 771 4144 decantbando
792 4063 1030 4170 colendoque
1049 4063 1366 4260 depuratixprimo
1387 4063 1463 4142 leni

1268 4207 1285 4258 a
