3352 4736
723 342 864 485 (177
906 347 924 460 )

211 563 323 665 Gas
371 554 552 663 Aeidi
603 558 931 662 muriatici
975 563 1324 702 oxygenati
1369 613 1436 663 seu
1583 539 1594 546 ’

189 737 192 742 ’
406 723 863 869 oxymuriatici
900 772 967 821 seu
1007 721 1242 830 Chlori.

209 905 267 986 R.
326 901 440 988 Natri
461 903 661 987 muriatici
680 905 817 988 uncias
842 900 1076 1016 duodecim,
1129 929 1132 936 ’

172 1033 180 1058 ‘
322 1032 513 1145 Mangani
537 1032 704 1144 oxydati
727 1035 853 1119 nativi
873 1043 1060 1146 pulverati
1084 1037 1222 1120 uncias
1236 1055 1348 1122 octo.

258 1163 381 1239 Mixta
401 1167 442 1238 in
462 1177 641 1240 retortam
654 1162 864 1262 tubulatam
880 1165 1020 1265 ingere.
1054 1161 1241 1270 Adaptato
1259 1167 1435 1271 excipulo
1513 1154 1518 1165 ’

212 1281 348 1358 tubulo
367 1287 565 1360 incurvato
591 1285 777 1360 instmcto
803 1299 841 1358 et
862 1311 960 1386 aqua
986 1281 1167 1362 hactenus
1192 1283 1357 1392 repleto,
1391 1301 1436 1362 ut

83 1455 90 1465 -
161 1475 165 1484 ,
196 1419 370 1491 Ιικεῑοτιειε
389 1393 577 1479 orificium
597 1400 694 1476 infra
708 1401 823 1503 hujus
836 1402 1074 1510 superficiem
1086 1410 1253 1507 positum
1269 1409 1329 1495 sit,
1353 1404 1435 1509 jun·

210 1525 404 1626 marisque
422 1523 521 1597 bene
541 1519 688 1611 clausis,
707 1547 777 1625 per
797 1519 977 1598 tubulum
996 1523 1146 1599 affunde
1227 1597 1230 1604 ,
1347 1573 1350 1581 ·

323 1639 445 1727 Acidi
468 1641 689 1758 sulphurici
713 1639 829 1726 crudi
852 1645 989 1748 uncias¹
1004 1641 1161 1756 decem,

209 1787 317 1848 antea
342 1785 451 1849 caute
535 1819 540 1828 κ

322 1893 464 2010 Aquae
487 1897 716 1980 communis
742 1905 870 1979 eadem
891 1910 1097 2008 quantitate

209 2024 357 2101 dilutas.
386 2025 544 2100 Retorta
562 2011 801 2100 bene'ctausa
822 2022 965 2098 calefiat
981 2027 1022 2098 in
1034 2022 1327 2100 arenaebalneo.
1342 2025 1434 2108 ,Gna
1530 2079 1539 2086 -

59 2203 63 2208 -
207 2145 386 2252 prodiens
401 2144 500 2218 infra
513 2143 752 2248 superficiem
764 2168 883 2245 aquae
899 2139 1036 2219 calidae
1049 2156 1246 2248 apparatua
1260 2171 1434 2248 pneuma·

207 2267 273 2340 tici
287 2267 418 2368 excipe
430 2261 570 2365 lagenis
585 2252 704 2368 Aqua
718 2251 915 2366 destillata
928 2259 1093 2377 repletip,
1121 2263 1242 2338 donec
1264 2259 1356 2340 haec
1376 2293 1435 2342 ex·

207 2382 317 2489 pulsa
330 2387 389 2460 sit.
419 2385 590 2485 Lagenae
609 2383 812 2488 epistomiis
829 2383 956 2458 vitreis
970 2379 1115 2458 clausae
1128 2395 1166 2457 et
1182 2383 1349 2460 internae
1361 2385 1433 2460 sub

208 2530 328 2608 aquae
341 2503 539 2607 superficie
551 2507 734 2607 repositae
749 2515 959 2591 serventur,
985 2501 1166 2603 quamdiu
1186 2529 1247 2604 gas
1265 2530 1363 2606 aqua
1375 2505 1434 2580 de·

206 2622 340 2702 stillata
351 2626 510 2698 mixtum
521 2650 658 2724 aquam
668 2619 1256 2727 onymuriaticambonssss511‘10.lis
1268 2623 1431 2725 praebet
1566 2697 1569 2704 .

387 2816 659 2926 Glandes
706 2821 989 2958 Quercus
1032 2841 1244 2922 tostae.

266 2989 444 3080 Glandes
463 2990 644 3104 Quercus
663 3026 684 3070 a
702 2995 960 3102 putaminibus
979 2993 1178 3070 mundatae
1197 2997 1238 3070 in
1250 3003 1432 3102 sartagine

208 3124 329 3200 ferrea
349 3123 426 3226 igni
445 3133 696 3225 exponantur,
730 3115 889 3192 subinde
907 3113 1093 3218 agitando,
1127 3115 1247 3192 donec
1265 3115 1432 3232 colorem

207 3243 361 3318 fuscum
386 3241 592 3316 induerint.
639 3237 888 3338 Refrigerataa
913 3237 953 3308 in
979 3233 1174 3339 pulverem
1199 3241 1430 3339 grossiuscu.
1488 3319 1492 3332 θ

102 3421 105 3426 .
206 3361 289 3438 lum
312 3361 453 3462 redige.

260 3530 518 3642 Globuli
574 3535 823 3678 Tartari
885 3531 1273 3674 ferruginosi
1314 3583 1381 3636 seu

665 3698 966 3802 martiati.
1013 3713 1017 3721 '

207 3884 266 3966 R.
320 3881 429 3967 Ferri
452 3880 580 3963 limati
605 3901 759 3992 partem
781 3909 920 3990 unam,

305 4011 475 4134 'Tartari
498 4006 620 4107 crudi
634 4009 817 4122 pulver-ati
841 4027 970 4122 partes
985 4027 1172 4123 quatuor.

1194 4141 1225 4216 Z
