3392 4742
737 378 755 487 (
798 370 877 462 151
921 376 941 488 )
1023 407 1028 418 ·

469 585 750 690 Conchae
793 521 1220 734 praeparatae..

274 779 486 892 Conchoe,'
508 819 605 894 aqua
624 791 739 868 affusa
756 795 964 880 communi,
987 792 1262 898 decoquantur,
1283 820 1355 896 ope
1368 819 1450 869 sco·

225 941 295 1016 pac
314 941 334 986 a
354 909 569 1016 quisquiliis
586 909 832 998 mundentur,
860 913 959 986 bene
978 909 1183 990 abluantur
1196 929 1232 990 ct
1245 915 1446 1003 siccentur,

225 1047 319 1109 tunc
338 1030 555 1137 pulveratae
578 1044 615 1106 et
634 1029 835 1134 laevigatus
856 1045 1064 1108 serventur.

452 1241 729 1381 Cuprum
779 1237 1221 1342 aluminosum.

677 1399 800 1498 (Lapis
825 1400 999 1498 dz'oinus.)

226 1503 284 1585 R.
342 1502 567 1614 Aeruginis,

121 1659 127 1670 ·
337 1629 431 1715 Kali
449 1631 582 1714 uitrici
601 1624 799 1744 depurati,
871 1677 874 1684 ·

338 1761 555 1872 AluminiS,
587 1767 824 1872 singulorum
849 1762 985 1846 uncias
1007 1759 1122 1846 duas⁰

152 1929 155 1934 '
204 1930 214 1954 “
277 1909 446 1987 Contuso
469 1907 667 2010 liquefiant
688 1910 725 1980 in
747 1935 832 1984 vase
852 1923 974 1985 terreo
998 1913 1168 1986 vitreato.
1210 1910 1305 1984 leni
1324 1905 1448 1985 calore

225 2027 437 2132 liquefactis
459 2043 495 2103 et
513 2029 559 2101 ab
582 2031 667 2130 igne
686 2029 854 2115 remotis,
882 2027 1042 2103 admisce

339 2167 587 2280 Camphoree
613 2173 722 2248 tritae
750 2161 982 2248 drachmam
1001 2197 1140 2250 unam.

273 2317 374 2391 Tum
401 2313 564 2390 effunde.
606 2309 768 2388 Massam
792 2311 1046 2416 refrigeratam
1074 2309 1449 2392 albo-coeruleum·

209 2449 302 2511 tem
328 2437 368 2507 in
390 2429 552 2508 frustula
575 2429 904 2540 diffractambene
928 2459 1047 2510 serva.
1191 2437 1199 2446 “

226 2650 503 2788 Cu'prum
539 2616 1439 2783 sulphuricoammoniatum.

274 2815 459 2915 (Cuprum
476 2811 742 2884 ammonmcale.
770 2811 926 2910 Sulpltos
939 2815 1398 2912 sammonico-suplicata.)

224 2971 283 3052 R.
337 2965 462 3082 Cupri
481 2953 703 3078 sulphurlcl
727 2975 806 3048 triti
828 2989 1013 3074 quantum
1032 2972 1167 3077 placet.

275 3113 388 3192 Solve
412 3118 451 3191 in

337 3253 523 3369 Liquoris
535 3249 745 3336 Ammonii
759 3250 938 3358 causdei,
968 3271 1153 3360 quantum
1172 3261 1382 3362 requiritur
1401 3261 1448 3335 ad

781 3375 1017 3454 solvendum.

273 3523 318 3597 Iu
339 3549 425 3598 vase
446 3521 566 3596 vitreo
586 3515 719 3592 altiore
737 3517 875 3591 sensim
892 3513 1042 3592 affunde

196 3773 199 3780 Ι
338 3659 510 3776 Spiritus
531 3657 629 3744 Vini
646 3651 964 3740 rectificatissimi
990 3660 1145 3738 eandem
1169 3663 1414 3767 ‹prantitatem

224 3823 269 3888 ut
280 3809 388 3886 hicce
400 3805 455 3884 illi
474 3811 616 3884 innatet
629 3818 667 3882 ot
680 3823 819 3908 sepone
836 3827 900 3880 vas
919 3829 988 3906 per
1009 3799 1192 3878 triduum.
1221 3799 1336 3891 Tum,
1359 3797 1446 3905 spi-

223 3931 301 4004 ritu
314 3931 402 4004 Vini
423 3925 658 4014 decanthato,
680 3920 873 4028 crystallos
894 3935 993 4000 ortas
1013 3919 1147 4023 collige
1166 3932 1205 3998 et
1220 3921 1319 3996 inter
1339 3918 1446 3996 char-

224 4063 301 4126 tam
317 4046 489 4142 bibulam
511 4049 620 4123 sicca.
662 4042 914 4137 Admiscendo
933 4041 1095 4146 Spiritus
1109 4039 1200 4118 Vini
1217 4036 1446 4118 rectificatio
