<?xml version="1.0" encoding="UTF-8"?>
<!DOCTYPE html PUBLIC "-//W3C//DTD XHTML 1.0 Transitional//EN"
    "http://www.w3.org/TR/xhtml1/DTD/xhtml1-transitional.dtd">
<html xmlns="http://www.w3.org/1999/xhtml" xml:lang="en" lang="en">
 <head>
  <title>
</title>
<meta http-equiv="Content-Type" content="text/html;charset=utf-8" />
  <meta name='ocr-system' content='tesseract 3.04.00' />
  <meta name='ocr-capabilities' content='ocr_page ocr_carea ocr_par ocr_line ocrx_word'/>
</head>
<body>
  <div class='ocr_page' id='page_1' title='image "./pharmacopocabor00unkngoog_0080.png"; bbox 0 0 3428 4742; ppageno 0'>
   <div class='ocr_carea' id='block_1_1' title="bbox 533 313 942 474">
    <p class='ocr_par' dir='ltr' id='par_1_1' title="bbox 533 313 942 474">
     <span class='ocr_line' id='line_1_1' title="bbox 533 313 942 474; baseline -0.002 -8"><span class='ocrx_word' id='word_1_1' title='bbox 533 313 645 390; x_wconf 80' lang='grc'><strong>’·</strong></span> <span class='ocrx_word' id='word_1_2' title='bbox 769 346 942 474; x_wconf 71' lang='grc'>(6.0)</span> 
     </span>
    </p>
   </div>
   <div class='ocr_carea' id='block_1_2' title="bbox 241 505 1466 673">
    <p class='ocr_par' dir='ltr' id='par_1_2' title="bbox 217 505 1466 673">
     <span class='ocr_line' id='line_1_2' title="bbox 241 505 1466 673; baseline 0 -29"><span class='ocrx_word' id='word_1_3' title='bbox 241 559 637 673; x_wconf 74' lang='lat' dir='ltr'><strong>Hydrargyrum</strong></span> <span class='ocrx_word' id='word_1_4' title='bbox 681 557 969 671; x_wconf 83' lang='lat' dir='ltr'><strong>oxydatum</strong></span> <span class='ocrx_word' id='word_1_5' title='bbox 1011 559 1226 644; x_wconf 86' lang='lat' dir='ltr'><strong>rubrum</strong></span> <span class='ocrx_word' id='word_1_6' title='bbox 1265 505 1466 644; x_wconf 80' lang='lat' dir='ltr'><strong>venale.</strong></span> 
     </span>
    </p>
   </div>
   <div class='ocr_carea' id='block_1_3' title="bbox 296 692 1471 1342">
    <p class='ocr_par' dir='ltr' id='par_1_3' title="bbox 297 692 1469 808">
     <span class='ocr_line' id='line_1_3' title="bbox 297 692 1469 808; baseline -0.003 -30"><span class='ocrx_word' id='word_1_7' title='bbox 297 694 541 778; x_wconf 81' lang='lat' dir='ltr'><strong>Mercurius</strong></span> <span class='ocrx_word' id='word_1_8' title='bbox 564 701 867 808; x_wconf 73' lang='lat' dir='ltr'><strong>praecipitatus</strong></span> <span class='ocrx_word' id='word_1_9' title='bbox 890 692 1019 775; x_wconf 81' lang='lat' dir='ltr'><strong>ruber</strong></span> <span class='ocrx_word' id='word_1_10' title='bbox 1033 692 1209 776; x_wconf 58' lang='lat' dir='ltr'><strong>venalia</strong></span> <span class='ocrx_word' id='word_1_11' title='bbox 1266 692 1469 803; x_wconf 75' lang='lat' dir='ltr'><strong>Oxydum</strong></span> 
     </span>
    </p>

    <p class='ocr_par' dir='ltr' id='par_1_4' title="bbox 296 819 1471 939">
     <span class='ocr_line' id='line_1_4' title="bbox 296 819 1471 939; baseline 0 -34"><span class='ocrx_word' id='word_1_12' title='bbox 296 823 638 939; x_wconf 63' lang='lat' dir='ltr'><strong>hydrargyricum</strong></span> <span class='ocrx_word' id='word_1_13' title='bbox 660 823 822 906; x_wconf 79' lang='lat' dir='ltr'><strong>venale.</strong></span> <span class='ocrx_word' id='word_1_14' title='bbox 873 819 1119 933; x_wconf 75' lang='lat' dir='ltr'><strong>Kci&#39;rfiielzes</strong></span> <span class='ocrx_word' id='word_1_15' title='bbox 1142 823 1276 907; x_wconf 68' lang='lat' dir='ltr'><strong>melnes</strong></span> <span class='ocrx_word' id='word_1_16' title='bbox 1304 821 1471 936; x_wconf 58' lang='lat' dir='ltr'><strong>Queck÷</strong></span> 
     </span>
    </p>

    <p class='ocr_par' dir='ltr' id='par_1_5' title="bbox 296 951 1470 1342">
     <span class='ocr_line' id='line_1_5' title="bbox 296 951 1470 1070; baseline 0.003 -35"><span class='ocrx_word' id='word_1_17' title='bbox 296 954 545 1068; x_wconf 79' lang='lat' dir='ltr'><strong>silbemxyd.</strong></span> <span class='ocrx_word' id='word_1_18' title='bbox 562 951 953 1066; x_wconf 73' lang='lat' dir='ltr'><strong>Kritfiielaesmtlres</strong></span> <span class='ocrx_word' id='word_1_19' title='bbox 964 953 1470 1070; x_wconf 75' lang='lat' dir='ltr'><strong>Queclusilberprdcipitat.</strong></span> 
     </span>
     <span class='ocr_line' id='line_1_6' title="bbox 497 1119 1467 1231; baseline -0.001 -35"><span class='ocrx_word' id='word_1_20' title='bbox 497 1124 761 1222; x_wconf 58' lang='lat' dir='ltr'><strong>Praestare—trun</strong></span> <span class='ocrx_word' id='word_1_21' title='bbox 794 1119 1016 1231; x_wconf 64' lang='lat' dir='ltr'><strong>qffiginarum</strong></span> <span class='ocrx_word' id='word_1_22' title='bbox 1048 1121 1282 1222; x_wconf 68' lang='lat' dir='ltr'><strong>cloemrharum</strong></span> <span class='ocrx_word' id='word_1_23' title='bbox 1315 1148 1366 1195; x_wconf 77' lang='lat' dir='ltr'><strong>ex</strong></span> <span class='ocrx_word' id='word_1_24' title='bbox 1399 1119 1467 1222; x_wconf 78' lang='lat' dir='ltr'><strong>by·</strong></span> 
     </span>
     <span class='ocr_line' id='line_1_7' title="bbox 495 1239 1016 1342; baseline 0.004 -30"><span class='ocrx_word' id='word_1_25' title='bbox 495 1239 668 1342; x_wconf 75' lang='lat' dir='ltr'><strong>drargyro</strong></span> <span class='ocrx_word' id='word_1_26' title='bbox 693 1257 731 1316; x_wconf 88' lang='lat' dir='ltr'><strong>et</strong></span> <span class='ocrx_word' id='word_1_27' title='bbox 752 1241 855 1313; x_wconf 73' lang='lat' dir='ltr'><strong>acido</strong></span> <span class='ocrx_word' id='word_1_28' title='bbox 881 1246 1016 1314; x_wconf 70' lang='lat' dir='ltr'><strong>ni&#39;trrbo.</strong></span> 
     </span>
    </p>
   </div>
   <div class='ocr_carea' id='block_1_4' title="bbox 341 1392 1468 1739">
    <p class='ocr_par' dir='ltr' id='par_1_6' title="bbox 341 1392 1468 1739">
     <span class='ocr_line' id='line_1_8' title="bbox 393 1392 1467 1504; baseline 0.006 -34"><span class='ocrx_word' id='word_1_29' title='bbox 393 1392 523 1472; x_wconf 86' lang='lat' dir='ltr'><strong>Pulvis</strong></span> <span class='ocrx_word' id='word_1_30' title='bbox 545 1399 584 1469; x_wconf 88' lang='lat' dir='ltr'><strong>in</strong></span> <span class='ocrx_word' id='word_1_31' title='bbox 607 1396 801 1500; x_wconf 84' lang='lat' dir='ltr'>particulis</span> <span class='ocrx_word' id='word_1_32' title='bbox 825 1395 1161 1501; x_wconf 80' lang='lat' dir='ltr'><strong>squamiformibus</strong></span> <span class='ocrx_word' id='word_1_33' title='bbox 1184 1396 1467 1504; x_wconf 67' lang='lat' dir='ltr'><strong>splendentibus</strong></span> 
     </span>
     <span class='ocr_line' id='line_1_9' title="bbox 342 1514 1466 1624; baseline 0.005 -34"><span class='ocrx_word' id='word_1_34' title='bbox 342 1515 575 1604; x_wconf 87' lang='lat' dir='ltr'><strong>ruberrimis,</strong></span> <span class='ocrx_word' id='word_1_35' title='bbox 593 1543 640 1592; x_wconf 86' lang='lat' dir='ltr'><strong>ex</strong></span> <span class='ocrx_word' id='word_1_36' title='bbox 653 1514 889 1622; x_wconf 80' lang='lat' dir='ltr'><strong>hydrargyro</strong></span> <span class='ocrx_word' id='word_1_37' title='bbox 903 1530 940 1594; x_wconf 89' lang='lat' dir='ltr'><strong>et</strong></span> <span class='ocrx_word' id='word_1_38' title='bbox 954 1521 1141 1624; x_wconf 79' lang='lat' dir='ltr'><strong>exygenio</strong></span> <span class='ocrx_word' id='word_1_39' title='bbox 1156 1531 1343 1609; x_wconf 80' lang='lat' dir='ltr'><strong>constans,</strong></span> <span class='ocrx_word' id='word_1_40' title='bbox 1360 1518 1466 1596; x_wconf 89' lang='lat' dir='ltr'><strong>acido</strong></span> 
     </span>
     <span class='ocr_line' id='line_1_10' title="bbox 341 1633 1468 1739; baseline 0.004 -29"><span class='ocrx_word' id='word_1_41' title='bbox 341 1637 480 1712; x_wconf 80' lang='lat' dir='ltr'><strong>uitrico</strong></span> <span class='ocrx_word' id='word_1_42' title='bbox 498 1633 726 1739; x_wconf 85' lang='lat' dir='ltr'><strong>plerumque</strong></span> <span class='ocrx_word' id='word_1_43' title='bbox 744 1637 897 1712; x_wconf 85' lang='lat' dir='ltr'><strong>mixtus.</strong></span> <span class='ocrx_word' id='word_1_44' title='bbox 927 1635 1041 1728; x_wconf 85' lang='lat' dir='ltr'><strong>Cave,</strong></span> <span class='ocrx_word' id='word_1_45' title='bbox 1062 1665 1111 1714; x_wconf 90' lang='lat' dir='ltr'><strong>ne</strong></span> <span class='ocrx_word' id='word_1_46' title='bbox 1123 1641 1240 1716; x_wconf 90' lang='lat' dir='ltr'><strong>minio</strong></span> <span class='ocrx_word' id='word_1_47' title='bbox 1255 1653 1293 1715; x_wconf 88' lang='lat' dir='ltr'><strong>et</strong></span> <span class='ocrx_word' id='word_1_48' title='bbox 1306 1638 1468 1716; x_wconf 82' lang='lat' dir='ltr'><strong>laterum</strong></span> 
     </span>
    </p>
   </div>
   <div class='ocr_carea' id='block_1_5' title="bbox 342 1753 1590 1860">
    <p class='ocr_par' dir='ltr' id='par_1_7' title="bbox 342 1753 1590 1860">
     <span class='ocr_line' id='line_1_11' title="bbox 342 1753 1590 1860; baseline 0.006 -30"><span class='ocrx_word' id='word_1_49' title='bbox 342 1753 500 1860; x_wconf 86' lang='lat' dir='ltr'><strong>pulvere</strong></span> <span class='ocrx_word' id='word_1_50' title='bbox 518 1757 737 1857; x_wconf 88' lang='lat' dir='ltr'><strong>inquinatus</strong></span> <span class='ocrx_word' id='word_1_51' title='bbox 757 1757 805 1832; x_wconf 86' lang='lat' dir='ltr'><strong>sit</strong></span> <span class='ocrx_word' id='word_1_52' title='bbox 818 1758 857 1830; x_wconf 92' lang='lat' dir='ltr'><strong>in</strong></span> <span class='ocrx_word' id='word_1_53' title='bbox 875 1758 961 1859; x_wconf 89' lang='lat' dir='ltr'><strong>igne</strong></span> <span class='ocrx_word' id='word_1_54' title='bbox 975 1785 1054 1835; x_wconf 89' lang='lat' dir='ltr'><strong>non</strong></span> <span class='ocrx_word' id='word_1_55' title='bbox 1068 1756 1319 1838; x_wconf 79' lang='lat' dir='ltr'><strong>avolantibus.</strong></span> <span class='ocrx_word' id='word_1_56' title='bbox 1347 1757 1467 1837; x_wconf 85' lang='lat' dir='ltr'><strong>Caute</strong></span> <span class='ocrx_word' id='word_1_57' title='bbox 1583 1763 1590 1779; x_wconf 87' lang='lat'><em>&#39;</em></span> 
     </span>
    </p>
   </div>
   <div class='ocr_carea' id='block_1_6' title="bbox 342 1873 809 1978">
    <p class='ocr_par' dir='ltr' id='par_1_8' title="bbox 342 1873 809 1978">
     <span class='ocr_line' id='line_1_12' title="bbox 342 1873 809 1978; baseline 0 -27"><span class='ocrx_word' id='word_1_58' title='bbox 342 1873 552 1951; x_wconf 88' lang='lat' dir='ltr'><strong>secundum</strong></span> <span class='ocrx_word' id='word_1_59' title='bbox 572 1873 671 1978; x_wconf 89' lang='lat' dir='ltr'><strong>leges</strong></span> <span class='ocrx_word' id='word_1_60' title='bbox 690 1901 809 1951; x_wconf 82' lang='lat' dir='ltr'><strong>servs.</strong></span> 
     </span>
    </p>
   </div>
   <div class='ocr_carea' id='block_1_7' title="bbox 239 2103 1163 2216">
    <p class='ocr_par' dir='ltr' id='par_1_9' title="bbox 239 2103 1163 2216">
     <span class='ocr_line' id='line_1_13' title="bbox 239 2103 1163 2216; baseline 0.002 -27"><span class='ocrx_word' id='word_1_61' title='bbox 239 2105 618 2216; x_wconf 84' lang='lat' dir='ltr'><strong>Hyoseyamus.</strong></span> <span class='ocrx_word' id='word_1_62' title='bbox 650 2103 818 2189; x_wconf 86' lang='lat' dir='ltr'><strong>Folia.</strong></span> <span class='ocrx_word' id='word_1_63' title='bbox 878 2106 1163 2191; x_wconf 71' lang='lat' dir='ltr'><strong>Bibenlrmut.</strong></span> 
     </span>
    </p>
   </div>
   <div class='ocr_carea' id='block_1_8' title="bbox 296 2291 1465 2528">
    <p class='ocr_par' dir='ltr' id='par_1_10' title="bbox 296 2291 1465 2528">
     <span class='ocr_line' id='line_1_14' title="bbox 296 2291 1465 2406; baseline 0.004 -33"><span class='ocrx_word' id='word_1_64' title='bbox 296 2293 585 2403; x_wconf 70' lang='lat' dir='ltr'><strong>Hyusqyamus</strong></span> <span class='ocrx_word' id='word_1_65' title='bbox 613 2299 738 2406; x_wconf 80' lang='lat' dir='ltr'><strong>niger</strong></span> <span class='ocrx_word' id='word_1_66' title='bbox 763 2291 896 2376; x_wconf 81' lang='lat' dir='ltr'><strong>Liun.</strong></span> <span class='ocrx_word' id='word_1_67' title='bbox 956 2305 1093 2380; x_wconf 83' lang='lat' dir='ltr'><strong>Planta</strong></span> <span class='ocrx_word' id='word_1_68' title='bbox 1118 2305 1266 2401; x_wconf 79' lang='lat' dir='ltr'><strong>br&#39;ennis,</strong></span> <span class='ocrx_word' id='word_1_69' title='bbox 1295 2307 1332 2378; x_wconf 80' lang='lat' dir='ltr'><strong>in</strong></span> <span class='ocrx_word' id='word_1_70' title='bbox 1358 2304 1465 2378; x_wconf 79' lang='lat' dir='ltr'><strong>mde-</strong></span> 
     </span>
     <span class='ocr_line' id='line_1_15' title="bbox 298 2423 830 2528; baseline 0.009 -35"><span class='ocrx_word' id='word_1_71' title='bbox 298 2427 384 2495; x_wconf 82' lang='lat' dir='ltr'><strong>ratir</strong></span> <span class='ocrx_word' id='word_1_72' title='bbox 409 2439 446 2495; x_wconf 90' lang='lat' dir='ltr'><strong>et</strong></span> <span class='ocrx_word' id='word_1_73' title='bbox 469 2423 522 2495; x_wconf 83' lang='lat' dir='ltr'><strong>ad</strong></span> <span class='ocrx_word' id='word_1_74' title='bbox 543 2427 625 2497; x_wconf 67' lang='lat' dir='ltr'><strong>vlits</strong></span> <span class='ocrx_word' id='word_1_75' title='bbox 637 2425 830 2528; x_wconf 73' lang='lat' dir='ltr'><strong>frequens.</strong></span> 
     </span>
    </p>
   </div>
   <div class='ocr_carea' id='block_1_9' title="bbox 260 2591 1467 3033">
    <p class='ocr_par' dir='ltr' id='par_1_11' title="bbox 392 2591 1467 2701">
     <span class='ocr_line' id='line_1_16' title="bbox 392 2591 1467 2701; baseline 0.005 -32"><span class='ocrx_word' id='word_1_76' title='bbox 392 2591 498 2672; x_wconf 87' lang='lat' dir='ltr'><strong>Folia</strong></span> <span class='ocrx_word' id='word_1_77' title='bbox 511 2593 902 2701; x_wconf 83' lang='lat' dir='ltr'><strong>semiamplexicaulia,</strong></span> <span class='ocrx_word' id='word_1_78' title='bbox 923 2599 1083 2686; x_wconf 86' lang='lat' dir='ltr'><strong>sinuata,</strong></span> <span class='ocrx_word' id='word_1_79' title='bbox 1103 2595 1247 2687; x_wconf 82' lang='lat' dir='ltr'><strong>villosa,</strong></span> <span class='ocrx_word' id='word_1_80' title='bbox 1267 2595 1403 2701; x_wconf 87' lang='lat' dir='ltr'><strong>pallide</strong></span> <span class='ocrx_word' id='word_1_81' title='bbox 1416 2601 1467 2674; x_wconf 88' lang='lat' dir='ltr'><strong>vi·</strong></span> 
     </span>
    </p>

    <p class='ocr_par' dir='ltr' id='par_1_12' title="bbox 343 2715 1466 2821">
     <span class='ocr_line' id='line_1_17' title="bbox 343 2715 1466 2821; baseline 0.005 -32"><span class='ocrx_word' id='word_1_82' title='bbox 343 2717 538 2804; x_wconf 85' lang='lat' dir='ltr'><strong>rescentia,</strong></span> <span class='ocrx_word' id='word_1_83' title='bbox 560 2715 676 2792; x_wconf 90' lang='lat' dir='ltr'><strong>odore</strong></span> <span class='ocrx_word' id='word_1_84' title='bbox 691 2742 875 2794; x_wconf 85' lang='lat' dir='ltr'><strong>nauseoso</strong></span> <span class='ocrx_word' id='word_1_85' title='bbox 888 2723 1095 2795; x_wconf 89' lang='lat' dir='ltr'><strong>narcotico.</strong></span> <span class='ocrx_word' id='word_1_86' title='bbox 1126 2715 1363 2821; x_wconf 85' lang='lat' dir='ltr'><strong>Colligantur</strong></span> <span class='ocrx_word' id='word_1_87' title='bbox 1377 2745 1466 2795; x_wconf 86' lang='lat' dir='ltr'><strong>eum</strong></span> 
     </span>
    </p>

    <p class='ocr_par' dir='ltr' id='par_1_13' title="bbox 260 2833 1462 3033">
     <span class='ocr_line' id='line_1_18' title="bbox 260 2833 1462 2942; baseline 0.005 -33"><span class='ocrx_word' id='word_1_88' title='bbox 260 2861 263 2868; x_wconf 72' lang='grc'>’</span> <span class='ocrx_word' id='word_1_89' title='bbox 342 2833 470 2939; x_wconf 85' lang='lat' dir='ltr'><strong>planta</strong></span> <span class='ocrx_word' id='word_1_90' title='bbox 487 2833 620 2912; x_wconf 81' lang='lat' dir='ltr'><strong>llorere</strong></span> <span class='ocrx_word' id='word_1_91' title='bbox 638 2839 785 2942; x_wconf 87' lang='lat' dir='ltr'><strong>incipit,</strong></span> <span class='ocrx_word' id='word_1_92' title='bbox 808 2849 845 2914; x_wconf 91' lang='lat' dir='ltr'><strong>et</strong></span> <span class='ocrx_word' id='word_1_93' title='bbox 861 2835 962 2914; x_wconf 89' lang='lat' dir='ltr'><strong>ultra</strong></span> <span class='ocrx_word' id='word_1_94' title='bbox 979 2865 1123 2914; x_wconf 86' lang='lat' dir='ltr'><strong>annum</strong></span> <span class='ocrx_word' id='word_1_95' title='bbox 1136 2837 1238 2914; x_wconf 87' lang='lat' dir='ltr'><strong>haud</strong></span> <span class='ocrx_word' id='word_1_96' title='bbox 1251 2852 1462 2916; x_wconf 81' lang='lat' dir='ltr'><strong>serventur.</strong></span> 
     </span>
     <span class='ocr_line' id='line_1_19' title="bbox 393 2957 829 3033; baseline 0.002 -1"><span class='ocrx_word' id='word_1_97' title='bbox 393 2959 499 3032; x_wconf 69' lang='lat' dir='ltr'><strong>Dosa</strong></span> <span class='ocrx_word' id='word_1_98' title='bbox 524 2957 576 3031; x_wconf 86' lang='lat' dir='ltr'><strong>ad</strong></span> <span class='ocrx_word' id='word_1_99' title='bbox 597 2961 724 3032; x_wconf 80' lang='lat' dir='ltr'><strong>Gmuu</strong></span> <span class='ocrx_word' id='word_1_100' title='bbox 750 2964 829 3033; x_wconf 68' lang='lat' dir='ltr'><strong>trus.</strong></span> 
     </span>
    </p>
   </div>
   <div class='ocr_carea' id='block_1_10' title="bbox 240 3187 1066 3312">
    <p class='ocr_par' dir='ltr' id='par_1_14' title="bbox 240 3187 1066 3312">
     <span class='ocr_line' id='line_1_20' title="bbox 240 3187 1066 3312; baseline 0.002 -40"><span class='ocrx_word' id='word_1_101' title='bbox 240 3189 528 3304; x_wconf 87' lang='lat' dir='ltr'><strong>Hyssopus.</strong></span> <span class='ocrx_word' id='word_1_102' title='bbox 559 3187 746 3273; x_wconf 83' lang='lat' dir='ltr'><strong>Herba.</strong></span> <span class='ocrx_word' id='word_1_103' title='bbox 814 3187 1066 3312; x_wconf 77' lang='lat' dir='ltr'><strong>Ysoplrruut.</strong></span> 
     </span>
    </p>
   </div>
   <div class='ocr_carea' id='block_1_11' title="bbox 228 3373 1463 3620">
    <p class='ocr_par' dir='ltr' id='par_1_15' title="bbox 228 3373 1463 3620">
     <span class='ocr_line' id='line_1_21' title="bbox 228 3373 1463 3490; baseline 0.002 -31"><span class='ocrx_word' id='word_1_104' title='bbox 228 3428 232 3436; x_wconf 90' lang='lat'>·</span> <span class='ocrx_word' id='word_1_105' title='bbox 297 3378 518 3490; x_wconf 79' lang='lat' dir='ltr'><strong>Hyssopus</strong></span> <span class='ocrx_word' id='word_1_106' title='bbox 540 3373 767 3488; x_wconf 74' lang='lat' dir='ltr'><strong>qffi&#39;ciualts</strong></span> <span class='ocrx_word' id='word_1_107' title='bbox 788 3375 922 3461; x_wconf 81' lang='lat' dir='ltr'><strong>Linu.</strong></span> <span class='ocrx_word' id='word_1_108' title='bbox 968 3387 1178 3464; x_wconf 80' lang='lat' dir='ltr'><strong>Fruu‘rulus</strong></span> <span class='ocrx_word' id='word_1_109' title='bbox 1196 3389 1371 3490; x_wconf 73' lang='lat' dir='ltr'><strong>Europae</strong></span> <span class='ocrx_word' id='word_1_110' title='bbox 1389 3417 1463 3462; x_wconf 80' lang='lat' dir='ltr'><strong>me·</strong></span> 
     </span>
     <span class='ocr_line' id='line_1_22' title="bbox 296 3507 829 3620; baseline 0.006 -40"><span class='ocrx_word' id='word_1_111' title='bbox 296 3507 493 3606; x_wconf 69' lang='lat' dir='ltr'><strong>rribbualu,</strong></span> <span class='ocrx_word' id='word_1_112' title='bbox 522 3510 619 3602; x_wconf 77' lang='lat' dir='ltr'><strong>nobis</strong></span> <span class='ocrx_word' id='word_1_113' title='bbox 645 3507 829 3620; x_wconf 75' lang='lat' dir='ltr'><strong>hortensis.</strong></span> 
     </span>
    </p>
   </div>
   <div class='ocr_carea' id='block_1_12' title="bbox 311 3678 1464 4148">
    <p class='ocr_par' dir='ltr' id='par_1_16' title="bbox 341 3678 1464 4024">
     <span class='ocr_line' id='line_1_23' title="bbox 391 3678 1463 3788; baseline 0.004 -33"><span class='ocrx_word' id='word_1_114' title='bbox 391 3679 518 3756; x_wconf 84' lang='lat' dir='ltr'><strong>Herba</strong></span> <span class='ocrx_word' id='word_1_115' title='bbox 535 3683 750 3770; x_wconf 85' lang='lat' dir='ltr'><strong>aromatica,</strong></span> <span class='ocrx_word' id='word_1_116' title='bbox 774 3679 881 3758; x_wconf 87' lang='lat' dir='ltr'><strong>caule</strong></span> <span class='ocrx_word' id='word_1_117' title='bbox 898 3678 1203 3785; x_wconf 84' lang='lat' dir='ltr'><strong>quadrangulari,</strong></span> <span class='ocrx_word' id='word_1_118' title='bbox 1222 3679 1324 3758; x_wconf 83' lang='lat' dir='ltr'><strong>foliis</strong></span> <span class='ocrx_word' id='word_1_119' title='bbox 1342 3708 1463 3788; x_wconf 88' lang='lat' dir='ltr'>oppo-</span> 
     </span>
     <span class='ocr_line' id='line_1_24' title="bbox 341 3797 1464 3910; baseline 0.001 -35"><span class='ocrx_word' id='word_1_120' title='bbox 341 3801 432 3890; x_wconf 84' lang='lat' dir='ltr'><strong>sitis,</strong></span> <span class='ocrx_word' id='word_1_121' title='bbox 447 3797 675 3890; x_wconf 86' lang='lat' dir='ltr'><strong>lanceolatis,</strong></span> <span class='ocrx_word' id='word_1_122' title='bbox 692 3799 896 3892; x_wconf 85' lang='lat' dir='ltr'><strong>sessilibus,</strong></span> <span class='ocrx_word' id='word_1_123' title='bbox 912 3804 1174 3906; x_wconf 83' lang='lat' dir='ltr'><strong>integerrimis,</strong></span> <span class='ocrx_word' id='word_1_124' title='bbox 1194 3799 1345 3904; x_wconf 82' lang='lat' dir='ltr'><strong>glabris,</strong></span> <span class='ocrx_word' id='word_1_125' title='bbox 1361 3800 1464 3910; x_wconf 82' lang='lat' dir='ltr'><strong>caly-</strong></span> 
     </span>
     <span class='ocr_line' id='line_1_25' title="bbox 342 3919 1463 4024; baseline 0.004 -29"><span class='ocrx_word' id='word_1_126' title='bbox 342 3919 450 3996; x_wconf 87' lang='lat' dir='ltr'><strong>cibus</strong></span> <span class='ocrx_word' id='word_1_127' title='bbox 467 3919 813 4024; x_wconf 87' lang='lat' dir='ltr'><strong>quinquedentatis&#39;,</strong></span> <span class='ocrx_word' id='word_1_128' title='bbox 833 3921 984 3999; x_wconf 87' lang='lat' dir='ltr'><strong>corollis</strong></span> <span class='ocrx_word' id='word_1_129' title='bbox 1003 3919 1309 4024; x_wconf 87' lang='lat' dir='ltr'><strong>subringentibus</strong></span> <span class='ocrx_word' id='word_1_130' title='bbox 1328 3948 1463 4000; x_wconf 86' lang='lat' dir='ltr'><strong>coeru-</strong></span> 
     </span>
    </p>

    <p class='ocr_par' dir='ltr' id='par_1_17' title="bbox 311 4037 1459 4148">
     <span class='ocr_line' id='line_1_26' title="bbox 311 4037 1459 4148; baseline 0.005 -36"><span class='ocrx_word' id='word_1_131' title='bbox 311 4129 315 4136; x_wconf 93' lang='lat'><strong>.</strong></span> <span class='ocrx_word' id='word_1_132' title='bbox 340 4037 422 4129; x_wconf 87' lang='lat' dir='ltr'><strong>leis,</strong></span> <span class='ocrx_word' id='word_1_133' title='bbox 446 4040 665 4118; x_wconf 83' lang='lat' dir='ltr'><strong>staminibus</strong></span> <span class='ocrx_word' id='word_1_134' title='bbox 686 4041 921 4120; x_wconf 84' lang='lat' dir='ltr'><strong>distantibus.</strong></span> <span class='ocrx_word' id='word_1_135' title='bbox 962 4039 1180 4145; x_wconf 88' lang='lat' dir='ltr'><strong>Colligenda</strong></span> <span class='ocrx_word' id='word_1_136' title='bbox 1198 4069 1327 4133; x_wconf 73' lang='lat' dir='ltr'><strong>mense</strong></span> <span class='ocrx_word' id='word_1_137' title='bbox 1344 4042 1459 4148; x_wconf 80' lang='lat' dir='ltr'><strong>Majo.</strong></span> 
     </span>
    </p>
   </div>
   <div class='ocr_carea' id='block_1_13' title="bbox 0 0 1718 4742">
    <p class='ocr_par' dir='ltr' id='par_1_18' title="bbox 0 0 1718 4742">
     <span class='ocr_line' id='line_1_27' title="bbox 0 0 1718 4742; baseline 0 2"><span class='ocrx_word' id='word_1_138' title='bbox 0 0 1718 4742; x_wconf 95' lang='lat' dir='ltr'><strong> </strong></span> 
     </span>
    </p>
   </div>
  </div>
 </body>
</html>
