3352 4736
707 355 727 466 (
766 351 851 442 225
891 357 910 469 )

311 558 483 675 Spiritus
498 559 597 651 Vini
618 561 868 648 elcoholisati
889 531 1068 678 partibus
1087 563 1258 651 duabus.

245 706 454 784 Miscellam
481 711 521 783 in
543 713 650 786 vitris
673 709 845 815 oblongis
870 711 968 788 bene
990 713 1171 812 obturatis
1196 711 1306 790 radiis
1331 715 1418 792 solis

198 853 357 930 expone,
386 827 507 902 donec
527 826 634 904 color
653 833 775 906 omnis
795 834 1001 907 evanuerit.
1031 833 1132 908 Tum
1152 835 1193 908 in
1210 837 1305 912 vasis
1321 835 1418 910 bene
1527 849 1532 858 “

197 943 331 1022 clausis
352 944 439 1021 loeo
460 949 587 1051 aprico
605 973 723 1025 serra.
1495 933 1501 939 ¹

247 1063 306 1141 Sit
327 1061 521 1169 limpidus,
550 1065 687 1145 coloris
712 1094 845 1174 expers
866 1057 934 1146 aut
955 1069 1157 1147 flavescens
1177 1095 1249 1148 nee
1270 1069 1414 1150 fuscus.

195 1185 239 1259 P.
256 1210 357 1288 spee.
372 1217 419 1255 =
433 1193 644 1276 0,830-0,
655 1191 742 1262 840.

308 1451 600 1595 Spiritus
636 1452 783 1555 Vini
832 1450 1307 1556 alcoholisatus.

254 1643 426 1758 Spiritus
441 1641 539 1736 Vini
566 1643 917 1732 rectificatissimus
942 1685 1031 1734 cum
1053 1646 1148 1732 Kali
1171 1647 1373 1734 carbonici
1395 1681 1417 1733 e

197 1763 397 1849 cineribus
431 1766 646 1852 clavellatis
678 1776 869 1854 siccissimi
900 1787 1011 1884 parte
1037 1765 1234 1852 sedecima
1264 1781 1418 1858 invase

120 1947 122 1950 -
197 1893 374 1971 obturato
396 1911 681 1998 conquassetur,
711 1911 748 1973 et
774 1899 942 2001 operatio
969 1912 1175 2001 repetatur,
1207 1897 1327 1974 donec
1344 1897 1418 1973 lali
1444 1993 1450 1998 Π

196 2013 441 2090 carbonieum
454 2017 596 2092 siccum
609 2029 813 2109 remaneat,
839 2017 988 2118 Liquor
1004 2015 1247 2092 decanthetus
1256 2015 1418 2092 destillet

196 2135 248 2207 ita
268 2146 313 2208 ut
337 2161 359 2210 e
380 2133 550 2238 partibus
569 2123 697 2208 tribus
715 2147 904 2210 transeant
926 2121 1028 2208 (luae
1046 2146 1085 2208 et
1105 2133 1333 2238 pond.spee.
1359 2149 1416 2210 to·

195 2254 271 2334 tius
289 2244 443 2357 spiritus
454 2251 628 2330 destillati
644 2259 693 2330 sit
710 2287 756 2324 =
770 2259 982 2344 ueto-0,
992 2261 1079 2330 820.
1109 2251 1342 2330 Servetur'in
1354 2281 1416 2329 va·

196 2372 245 2449 sis
262 2371 360 2448 bene
380 2371 577 2450 obturatis.
764 2393 769 2402 ·

234 2640 521 2783 Spiritus
556 2639 704 2744 Vini
755 2639 1368 2742 rectificatissimus.

647 2807 817 2904 (Alcotol
843 2809 965 2906 Vas.)

254 2943 426 3058 Spiritus
441 2943 653 3028 Frumenti
665 2977 778 3056 supra
791 2941 1026 3029 Carbonum
1040 2941 1323 3053 vegetabilium
1336 2950 1418 3053 pul-

196 3075 294 3150 veris
319 3090 357 3151 et
385 3063 479 3149 Kali
512 3064 716 3150 carbonici
747 3061 864 3146 erudi
897 3075 1141 3148 sufficientem
1171 3073 1418 3175 quantitatem

197 3191 273 3268 leni
292 3192 415 3270 calore
435 3194 593 3272 destillet
612 3207 658 3270 ut
674 3185 788 3268 tertia
802 3181 889 3297 pars
907 3203 1108 3268 remaneat.
1142 3189 1259 3287 Quod
1275 3193 1419 3268 transiit

197 3315 337 3390 iterum
363 3313 536 3399 destillet,
568 3317 618 3389 ita
640 3327 685 3387 nt
704 3311 822 3416 pond.
839 3311 1003 3417 specilie.
1034 3313 1150 3386 totius
1177 3308 1348 3387 destillati
1371 3314 1418 3386 sit
1483 3314 1486 3322 '

198 3436 570 3526 :uass-uste.
598 3433 700 3507 Bene
717 3443 898 3508 serretur.

336 3679 625 3824 Spiritus
660 3679 808 3784 Vini
852 3677 1277 3782 rectificatus

31 3879 34 3887 .
105 3987 108 3992 ,
197 3879 264 3960 R»
311 3875 484 3990 Spiritus
498 3875 596 3964 vini
621 3873 939 3960 rectificatissimi
964 3891 1093 3988 partes
1112 3839 1415 3986 septemdecim,

252 4107 265 4117 κ
313 4007 453 4124 Aquae
477 4003 697 4091 destillatae
721 4025 849 4120 partes
873 4025 1042 4118 septem.
1159 4131 1220 4206 Π
1548 4011 1549 4016 r
