3352 4736
722 297 923 414 (231)
1024 280 1028 286 ’

228 535 231 552 ·
253 511 390 614 Coque
410 523 448 586 et
464 507 607 612 liquori
627 506 788 586 ferventi
808 509 849 582 in
862 533 947 583 vase
967 501 1203 612 porcellaneo
1223 516 1289 581 aut
1305 503 1428 580 ferreo

201 635 392 735 pervices
414 633 512 704 inter
533 627 747 730 agitandum
769 627 863 702 adde

206 811 209 816 ·
281 748 285 758 Ι
319 769 500 858 Stibium
523 767 663 854 venale
688 775 926 878 laevigatum,

204 909 293 958 cum

317 981 529 1101 Sulpburis
552 979 734 1096 deputati
747 977 934 1094 partibus
955 975 1111 1062 duabus
1130 999 1172 1061 et
1187 973 1355 1061 dimidia

200 1133 333 1207 intime
350 1135 527 1218 mixtum,
556 1145 743 1232 quantum
757 1127 884 1230 liquor
898 1127 971 1201 tali
986 1127 1139 1202 caustici
1153 1123 1298 1202 solvere
1313 1123 1425 1202 valet.

200 1248 441 1327 Solutionem
454 1277 543 1326 cum
563 1239 686 1354 triplo
704 1245 871 1352 pondere
886 1235 1028 1356 Aquue
1043 1237 1271 1320 communis
1290 1243 1429 1321 calidae
1475 1305 1478 1316 .

198 1371 355 1444 mixtum
366 1385 403 1446 et
415 1395 484 1472 per
501 1360 645 1470 viginti
660 1379 834 1473 quatuor
848 1357 964 1441 horas
983 1369 1181 1471 sepositam
1194 1364 1305 1444 filtra.
1326 1365 1429 1440 Tum

197 1485 339 1591 liquori
363 1485 521 1591 limpido
544 1489 670 1565 denuo
690 1477 858 1590 triplum
872 1473 1034 1590 pondus
1044 1475 1185 1592 Aquae
1199 1477 1427 1560 communis

197 1606 292 1683 adde
314 1624 351 1683 et
366 1606 506 1684 instilla

259 1837 264 1848 ,
310 1743 490 1830 Acidum
509 1746 788 1860 sulphuricum
807 1741 1001 1858 dilutum,

195 1877 379 1996 quamdiu
404 1897 695 1997 praecipitatum
720 1895 979 1967 aurantiaeum
1004 1891 1092 1967 inde
1116 1895 1288 1979 efficitur,
1317 1906 1426 1968 ceute
1548 1917 1550 1924 ’

194 2011 369 2088 evitando
389 2040 451 2114 ges
465 2010 858 2116 hydrosulphuratum
877 2009 964 2085 inde
982 2025 1172 2088 exortum.
1201 2013 1425 2116 Praecipita-

194 2147 281 2207 tum
300 2130 486 2238 eliquore
501 2143 768 2235 supernatante
784 2155 925 2230 separa,
955 2115 1073 2231 Aqua
1092 2119 1301 2202 communi
1317 2141 1428 2234 repe·

193 2255 265 2326 tito
277 2249 403 2336 ablue,
428 2249 549 2325 donec
563 2249 656 2323 haec
674 2249 721 2322 eb
736 2235 992 2348 heterogeneis
1005 2246 1123 2322 libere
1136 2247 1295 2324 secedet.
1322 2251 1425 2324 Tum

193 2368 296 2445 filtro
324 2381 525 2472 exceptum
553 2369 653 2442 inter
678 2367 845 2443 chartam
862 2363 1033 2440 bibulam
1055 2395 1199 2471 preme,
1226 2365 1313 2443 loco
1338 2396 1423 2444 um·
1541 2435 1546 2441 .

191 2489 322 2578 broco,
351 2501 603 2590 temperatura
634 2485 703 2560 200
729 2513 808 2562 non
833 2485 1048 2574 excedente,
1078 2489 1174 2563 sicce
1200 2490 1302 2562 etin
1328 2491 1423 2564 rasis

192 2607 290 2684 bene
311 2607 496 2683 obturatis
521 2604 608 2681 loco
632 2606 814 2681 umbroso
840 2631 959 2680 serva.

243 2721 302 2804 Sit
313 2722 438 2828 pulvis
452 2723 616 2813 subtilis,
642 2723 779 2801 coloris
798 2751 845 2798 ex
865 2725 1080 2799 aurentiaco
1099 2723 1201 2814 ssavi,
1221 2723 1417 2828 insipidus.
1482 2779 1484 2783 -

287 2969 582 3117 Sulphur
637 2965 975 3074 stibiatum
1028 2965 1315 3073 rubeum.

343 3141 700 3240 (Kemtesmrizemle.
721 3138 974 3244 Sulphwetum
986 3139 1267 3240 Subri'nrheum.)

190 3313 248 3397 R.
304 3309 427 3397 Stibii
450 3311 600 3396 venalis
626 3319 797 3423 laevigati
823 3313 960 3395 uncias
975 3331 1087 3424 oct0,

307 3439 521 3554 sulphuris
546 3437 729 3554 depurati
752 3443 888 3524 uncias
910 3461 1099 3557 quatuor,

303 3571 418 3658 Natri
442 3569 647 3654 carbonici
672 3567 854 3684 depurati
872 3583 961 3659 sicci
984 3577 1121 3658 uncias
1135 3603 1218 3658 sex.

238 3719 356 3795 Mixta
367 3718 565 3824 liquefiant
578 3691 618 3794 ib
632 3717 832 3796 crucibulo
845 3733 963 3810 tecto,
983 3723 1069 3824 igne
1083 3719 1289 3799 moderato.
1317 3721 1415 3799 Mec-
1438 3817 1444 3830 „

187 3865 267 3930 sam
277 3839 459 3916 fluentem
479 3839 643 3928 effunde,
669 3838 925 3941 refrigeratam
942 3839 1173 3945 pulveretam
1191 3842 1232 3914 in
1251 3867 1316 3918 vus
1334 3841 1414 3918 irlo·

186 3983 306 4034 neum
974 4001 977 4006 ·
