3352 4736
751 352 952 469 (171)

235 571 613 674 Extractum
658 545 1032 674 Valerianos
1082 561 1318 710 frigide
1361 605 1462 714 pa-

795 737 1029 834 ratum,
1063 734 1200 813 coloris
1221 735 1461 840 lusco-nigri,

794 859 833 931 in
852 885 951 960 aqua
970 853 1160 935 solutione
1179 854 1463 961 1111111111111111
1498 857 1501 864 '

795 973 969 1053 solubile.
1042 1001 1045 1007 ·

359 1243 735 1392 Extrao'tum
772 1241 951 1346 Ferri
999 1262 1337 1386 pometum.

233 1442 292 1525 R.
348 1439 457 1526 Fem‘
484 1451 522 1523 in
549 1445 662 1523 'clavis
688 1462 754 1522 aut
780 1445 851 1522 filis
878 1435 1023 1522 libram
1040 1467 1179 1547 unam,

352 1576 466 1656 Succi
493 1567 716 1652 Pomorum
734 1563 990 1652 acidulorum
1002 1588 1238 1654 matur-orum
1252 1575 1459 1654 excoriato·

791 1733 878 1781 rum
902 1697 1022 1782 libras
1042 1690 1242 1811 quatuor.¹

283 1841 524 1946 Digernntur,
551 1843 699 1947 saepius
721 1844 909 1944 agitando,
937 1871 1005 1950 per
1027 1841 1173 1948 aliquot
1194 1843 1285 1920 dies.
1329 1844 1461 1921 Postea
1488 1897 1493 1906 -

232 1978 447 2066 coquuntur
478 1960 555 2038 leni
587 1965 674 2064 igne
706 1960 753 2035 ad
780 1948 971 2070 dimidiae
989 1953 1110 2064 partis
1143 1965 1456 2040 consumtionem.

231 2083 378 2184 Liquor
391 2107 458 2186 per
477 2079 639 2156 linteum
656 2078 798 2156 colntus
812 2079 1040 2156 subsidendo
1054 2091 1091 2154 et
1104 2079 1388 2156 decanthntione
1401 2082 1460 2157 de-

224 2213 390 2306 puratus
401 2203 440 2276 in
450 2198 587 2276 balneo
599 2201 745 2304 vaporis
759 2198 806 2276 ad
815 2198 1169 2276 extractiAbsinthii
1184 2199 1459 2306 spissitudinem

231 2321 435 2424 redigatur.
1149 2334 1152 2342 ’

283 2439 341 2517 Sit
363 2438 491 2516 colore
513 2467 534 2514 e
557 2441 754 2516 virescenti
774 2441 897 2544 nigro,
927 2441 966 2532 in
985 2465 1084 2544 aqua
1102 2435 1292 2514 solutione
1305 2437 1459 2543 limpide

231 2561 337 2662 nigra
359 2556 533 2646 solubile,
562 2561 702 2664 soporis
724 2557 843 2636 dulcis
870 2560 1023 2636 demum
1049 2557 1156 2670 vslde
1182 2558 1455 2662 adstringentis,

232 2677 356 2754 odoris
382 2681 504 2754 suavis
528 2706 598 2755 nec
627 2678 735 2754 acidi.

280 2933 655 3033 Extractum
693 2929 1015 3033 Graminis
1053 2921 1397 3072 liquidum.

638 3092 814 3190 (Mellogo
833 3091 1044 3190 Gramriu's.)

231 3247 289 3330 R.
348 3243 546 3329 Radicum
565 3244 766 3331 Graminis
791 3255 1000 3329 recentium
1023 3241 1141 3328 libras
1160 3239 1396 3328 duodecim.

282 3391 459 3470 Concises
486 3391 675 3468 contunde
702 3395 742 3466 in
767 3393 947 3468 mortario
969 3389 1117 3496 lapideo
1138 3390 1362 3480 aut-ferreo,
1391 3391 1454 3466 111-

230 3512 352 3590 dendo
379 3514 515 3589 sensim

316 3629 322 3636 ¹
345 3651 485 3766 Aquae
503 3650 731 3734 communis
751 3647 870 3733 libras
889 3678 1054 3734 novem.

280 3787 461 3893 Exprime
474 3813 646 3878 succum,
674 3811 790 3890 quem
807 3784 1034 3863 subsidendo
1049 3781 1456 3896 (11111111111111111111111-Υ

231 3916 417 3984 rationem
430 3906 660 3983 substantiae
677 3905 933 3982 albuminosoe
950 3929 1072 4008 usque
1088 3902 1272 4006 decoque,
1297 3903 1392 3997 coln,
1417 3921 1455 3983 et

1206 4021 1242 4097 Y
1259 4047 1275 4098 1
