3352 4736
715 370 917 484 (ass)
1037 351 1041 357 ’

195 596 233 658 et
252 579 403 686 liquore
421 581 507 658 auri
527 582 717 658 muriatici
734 582 1024 683 dignoscuntur,
1055 579 1146 659 sales
1172 581 1425 684 hotot-agend,

195 716 261 778 aut
280 715 368 806 post
388 697 618 778 solutionem
637 702 677 776 in
699 715 864 805 quatuor
887 699 948 777 vel
973 701 1102 778 decem
1118 701 1287 807 partibus
1308 729 1428 804 aquae

117 907 123 916 ,
197 818 398 897 destillatae
416 836 623 908 remanent,
644 833 711 895 aut
728 819 943 924 liquoribus
960 823 1102 924 argenti
1116 822 1255 910 uitrici,
1274 821 1427 926 harytae

195 943 355 1018 nitricae
368 955 405 1016 et
423 933 614 1017 ammonii»
625 939 760 1016 oxalici
781 938 969 1044 explorari
988 954 1159 1044 possunt.

388 1164 825 1268 Linimcntum
871 1165 1228 1306 Aeruginis.

598 1325 782 1426 (Oxymel
802 1327 1028 1427 Aeruglms.)

200 1463 258 1546 R.
313 1461 524 1574 Aeruginis
542 1467 760 1572 pulveratae
783 1467 920 1546 uncias
939 1483 1032 1573 tres,

315 1592 433 1678 Aceti
452 1589 571 1677 libras
591 1586 704 1676 duas.

249 1740 384 1844 Coque
410 1724 531 1816 donec
553 1741 648 1815 aceti
671 1742 780 1815 tertia
808 1743 956 1818 circiter
978 1768 1065 1847 pars
1092 1744 1266 1846 supersit.
1308 1737 1426 1815 Filtra

198 1874 237 1936 ct
265 1859 358 1936 addc

315 1977 451 2064 Mollis
470 1976 694 2091 despumati
713 1977 832 2062 libras
854 1911 984 2062 duas.-

249 2129 466 2233 Evaporent
485 2125 533 2200 ad
548 2123 663 2199 libras
683 2124 788 2201 duas.
817 2123 943 2214 Serva,
967 2125 1032 2202 scd
1044 2125 1149 2228 quod
1163 2125 1303 2202 diutim
1316 2151 1426 2202 asser·
1523 2195 1526 2201 .

125 2241 134 2258 ⁸
195 2263 325 2326 ratum
342 2249 498 2322 nimiam
516 2245 664 2350 copiam
683 2247 792 2350 cupri
811 2244 963 2350 oxydati
986 2244 1146 2336 demisit,
1177 2243 1303 2348 rejice.

197 2483 609 2586 Linimentum
634 2481 1417 2628 saponato-camphoratum.

487 2635 495 2646 ’
568 2651 794 2749 (Balsamum
822 2652 1057 2754 Opodeldoc.)

198 2809 256 2891 R.
313 2803 483 2920 Saponis
508 2799 721 2888 domestici
743 2811 935 2901 albissimi,

367 2976 371 2983 ·
505 2933 711 3049 Hispanici
734 2932 816 3017 albi
840 2941 1078 3046 singulorum
1096 2945 1322 3034 siccatorum
1347 2968 1426 3020 un-

760 3067 864 3150 ciaru
881 3093 1003 3148 unam
1022 3087 1059 3150 et
1085 3059 1309 3179 dimidiam,
1459 3119 1461 3126 ,

9 3193 13 3200 ¹
156 3253 162 3263 ·
313 3197 563 3310 Camphorac
583 3193 789 3280 drachmas
809 3217 902 3280 tres.

250 3342 364 3422 Solve
378 3347 419 3417 in
436 3343 635 3428 cucurbita
651 3345 770 3420 vitrea
785 3341 862 3418 leni
879 3343 1003 3420 calore
1018 3345 1059 3418 in

313 3481 486 3597 Spiritus
507 3479 604 3568 Vini
620 3477 937 3566 rectificatissimi
955 3483 1084 3568 unciis
1102 3483 1260 3594 viginti.

249 3629 488 3708 Solutioncm
505 3625 629 3704 adhuc
651 3625 834 3706 calentem
850 3627 961 3704 filtra.
999 3631 1102 3708 Tum
1119 3628 1212 3706 adde

312 3765 404 3854 Olci
425 3767 579 3880 Thymi
596 3763 828 3852 drachmam
845 3770 980 3882 semis,

354 3987 358 3998 ,
402 3894 405 3900 ’
428 3899 685 3982 Rorismarini
702 3896 933 3984 drachmam
952 3929 1091 4010 unam,

313 4028 501 4146 Liquoris
521 4030 730 4114 Ammonii
749 4033 913 4115 caustici
936 4028 1142 4114 drachmas
1161 4051 1254 4115 tres.
