3352 4736
782 329 984 446 (na)

265 542 388 649 Kali
418 537 777 649 carbonicum
802 539 829 650 e
854 539 1139 648 cineribus
1168 543 1485 650 clavellatis.

456 715 663 814 (Car-bonas
678 713 813 788 kah'cua
832 744 854 789 e
873 717 1060 794 Criten'bus
1072 716 1295 818 clavellatis.)

264 881 322 962 R.
378 876 473 964 Kali
491 878 694 964 carbonici
713 875 844 991 crudi,
875 899 975 962 terra
993 884 1119 964 ailioea
1140 884 1264 964 soluta
1281 913 1360 964 non
1380 890 1491 966 nimia

810 1019 1026 1121 inquinati,
1062 1027 1217 1122 partem
1230 1037 1367 1092 unam.

198 1159 202 1170 ·
313 1121 478 1197 Insunde
528 1181 530 1186 .

376 1259 517 1376 Aquae
535 1261 763 1344 communis
780 1268 960 1347 ferventia
985 1277 1115 1374 partes
1139 1241 1252 1346 duas.

313 1407 460 1510 Liquor
479 1397 640 1486 filtratua
656 1421 847 1512 evaporet,
869 1406 990 1484 donce
1011 1407 1176 1485 cuticula
1195 1421 1384 1514 appareat,
1407 1425 1489 1484 tum
1526 1509 1531 1518 ι

238 1537 240 1544 “
262 1551 331 1630 per
343 1525 490 1630 aliquot
502 1529 579 1604 dies
593 1541 811 1634 seponatur,
831 1539 877 1603 ut
890 1525 978 1604 salia
991 1541 1125 1605 neutra
1138 1532 1178 1603 in
1192 1527 1385 1634 crystalloa
1397 1555 1488 1606 con·

177 1713 181 1721 .
263 1661 443 1722 crescant.
484 1649 583 1724 Dein
603 1647 734 1753 liquor
761 1646 1009 1724 decanthetur
1031 1661 1068 1723 et
1087 1652 1351 1753 evaporatione
1373 1651 1413 1724 in
1436 1645 1488 1725 sal

262 1767 406 1842 siccum
428 1765 632 1868 redigatur.
652 1768 742 1842 ·Hic
762 1769 802 1840 in
891 1807 894 1814 ·

377 1903 520 2018 Aquae
537 1901 757 1989 destillatac
774 1911 931 2016 frigidae
948 1915 1156 2016 quantitate
1173 1913 1320 2018 aequali

262 2048 444 2141 solvatur,
474 2049 613 2128 solutio
633 2051 796 2128 filtretur
809 2067 846 2127 et
857 2049 934 2127 leni
948 2049 1071 2129 calore
1083 2051 1129 2140 ad
1142 2055 1284 2129 siccum
1296 2069 1483 2157 evaporet.

247 2162 378 2248 'Serva
390 2174 430 2245 in
444 2175 539 2248 vasis
550 2171 648 2247 bene
666 2172 863 2249 obturatis.

313 2289 371 2367 Sit
388 2289 633 2381 albissimum,
664 2307 765 2368 terra
790 2292 916 2368 silicea
933 2309 977 2366 a‘c
993 2289 1169 2376 alumine,
1193 2288 1351 2366 metallis
1373 2305 1412 2366 et
1431 2319 1485 2370 sa·

259 2408 361 2485 libus
374 2409 644 2511 heterogeneia,
661 2424 847 2513 quantum
862 2410 942 2484 fieri
954 2409 1090 2514 potest,
1114 2407 1290 2499 liberum,
1307 2411 1485 2486 neutrali·

107 2523 112 2542 '
261 2531 403 2604 catione
418 2525 491 2632 ope
504 2527 598 2603 acidi
611 2531 753 2619 uitrici,
774 2557 849 2632 qua
862 2542 960 2604 terra
975 2527 1100 2606 silicea
1113 2541 1316 2634 separatur,
1337 2529 1484 2634 liquore

260 2651 441 2725 ammonii
466 2650 619 2726 caustici
644 2675 688 2724 ac
705 2647 917 2753 sulphurati
937 2661 975 2726 et
993 2645 1142 2752 liquore
1156 2647 1309 2752 buytae
1329 2651 1484 2728 nitricae

261 2797 305 2846 ac
320 2771 465 2872 argenti
483 2769 609 2843 nitrici
626 2767 934 2872 dignoscendum.

385 2987 526 3090 Kali
565 2981 973 3092 carbonicum
1010 3023 1037 3092 c
1075 2991 1349 3092 Tartaro.

260 3147 402 3248 (Attali
415 3149 609 3246 vegetabile
625 3159 804 3224 aemun-
833 3151 904 3226 Sal
920 3151 1076 3223 Tartari.
1115 3151 1299 3228 Carbones
1315 3151 1482 3228 kola'cuoc

441 3283 443 3288 ’
782 3271 965 3370 Tartaru.)
1327 3313 1333 3320 ·

306 3405 493 3490 Tartarus
511 3402 674 3503 crudus,
693 3441 778 3491 vaae
795 3413 932 3490 idoneo
945 3411 1128 3504 incluaua,
1157 3427 1223 3490 aut
1238 3413 1367 3510 charta
1380 3419 1482 3494 invo
1542 3483 1547 3502 ,

258 3534 362 3612 lutus
374 3549 413 3612 et
424 3537 523 3610 inter
532 3533 711 3611 carbones
723 3537 882 3640 positus,
897 3548 1044 3622 uratur,
1060 3534 1270 3612 donecaine
1282 3535 1432 3612 flamma
1444 3552 1482 3615 et
1519 3539 1528 3574 ²

245 3655 369 3730 lumo
386 3654 553 3731 candeat.
578 3653 702 3730 Massa
721 3655 948 3730 carbouaeea
968 3667 1110 3732 restana
1139 3643 1258 3758 Aqua
1285 3641 1481 3730 destillata

260 3773 433 3861 elixatur,
458 3773 586 3878 liquor
605 3771 743 3850 coloria
764 3801 896 3878 erpere
915 3771 1089 3865 filtretur,
1115 3775 1158 3850 et¹
1171 3773 1218 3848 ad
1235 3777 1379 3851 ciccum
1396 3803 1480 3852 eva·
1501 3875 1512 3892 '

259 3908 380 3998 poret.
408 3894 672 3972 Residuumin
793 3989 796 4000 Ι
