3346 4722
444 569 592 667 plantae
610 571 775 666 perennis
792 591 973 640 censorum
990 568 1177 665 Ewopae,
1202 565 1417 664 caystclhia·

448 692 542 762 &bne
558 705 721 788 paratur.

345 822 408 898 Sal
434 827 474 898 in
501 827 624 926 granis
651 821 891 930 crystallinis,
927 821 1040 912 albis,
1069 823 1211 926 saporis
1235 819 1349 910 acidi,
1378 823 1418 896 in

293 970 390 1046 aqua
413 941 561 1018 difficile
587 941 787 1031 solvendis,
816 945 857 1016 in
880 940 1051 1018 alcoholc
1076 969 1155 1017 non
1176 939 1415 1032 solubilibus,

294 1088 340 1136 ex
356 1061 463 1138 acido
484 1060 631 1139 oxalico
645 1059 883 1166 praevalente
900 1075 938 1138 et
949 1059 1024 1135 lali
1044 1075 1231 1138 constans.
1256 1060 1356 1163 Cave
1369 1087 1417 1135 ne

292 1181 340 1256 sit
371 1179 622 1258 adulteratum
654 1194 793 1256 tartaro
821 1179 1023 1284 depurato,
1052 1183 1120 1284 qui
1147 1181 1350 1258 carbonem
1375 1185 1417 1254 in

294 1302 382 1403 igne
404 1300 572 1405 praebet,
606 1327 677 1376 nec
704 1299 778 1376 lali
802 1297 1024 1404 sulphurico
1047 1299 1168 1390 acido,
1197 1299 1302 1402 quod
1322 1302 1417 1401 igni,
1452 1319 1464 1376 J
1525 1313 1528 1318 ·
1616 1283 1619 1292 “

293 1421 400 1494 tione
422 1421 461 1492 in
484 1419 559 1494 lali
585 1420 830 1496 carbonicum
853 1445 932 1494 non
954 1434 1135 1496 mutatur.

143 1681 148 1692 ·
190 1643 474 1732 Pichurim.
507 1643 673 1733 Fabae
703 1650 941 1760 majores.
991 1643 1145 1763 Gmfite
1172 1647 1416 1780 Ificlsurim-

250 1777 429 1862 bohnen.

447 1891 566 1964 Arbor
589 1895 708 1988 ignota
730 1891 917 1964 Ansericae
935 1883 1188 1964 meredionaloj

344 2027 495 2118 Semina
514 1999 691 2142 oblonga,
716 2039 762 2116 ad
782 2035 905 2143 2poll.
926 2038 1051 2143 longa,
1074 2057 1164 2117 testa
1178 2039 1320 2130 orbata,
1340 2039 1414 2117 lae·
1511 2133 1518 2146 .

291 2163 365 2250 via,
392 2159 512 2249 fusca,
536 2162 577 2232 in
596 2159 687 2234 duas
705 2156 946 2263 cotyledones
962 2151 1073 2236 facile
1086 2157 1300 2248 dilabentia,
1323 2161 1415 2237 odo·

291 2281 342 2356 ris
363 2293 402 2354 et
423 2280 565 2382 saporis
585 2279 679 2380 grati
701 2279 905 2354 aromatici.

111 2517 475 2604 'Pichurim
507 2517 672 2648 Fabae
701 2489 945 2603 minores.
993 2519 1414 2604 KleinePichurim»
1536 2583 1541 2594 .
1664 2551 1665 2562 ¹

304 2649 482 2734 hohrien.

253 2805 527 2888 Tetmntlsem
543 2803 766 2886 Pichorim
780 2802 1034 2918 Sprengel.?
1067 2817 1186 2889 Arbor
1195 2815 1385 2892 Brasiliae.

340 2968 492 3052 Semina
510 2967 643 3055 ovalia,
668 2963 758 3072 poll
773 2963 899 3067 longa,
920 2979 1088 3041 ceterum
1104 2963 1412 3070 praecedentibus
1514 3067 1518 3075 Ι

293 3085 440 3163 similia.

171 3313 492 3447 'Pulsatilla
523 3305 710 3398 Herba.
754 3311 970 3400 Schwane
994 3311 1340 3399 Kitclsensckclbe.

245 3486 470 3572 Artemone
487 3490 696 3598 pmtemts
714 3482 848 3568 Linn.
875 3497 1011 3572 Planta
1023 3503 1190 3597 perennis
1206 3501 1244 3572 in
1260 3499 1412 3598 Europa

249 3615 382 3690 boreali
399 3632 436 3688 et
455 3614 571 3688 nscdcb
578 3615 770 3718 ficquens.

343 3767 469 3844 Herba
489 3767 642 3856 florens,
671 3765 772 3844 loliis
794 3767 1075 3872 bipinnatifidis,
1103 3763 1247 3844 laciniis
1266 3771 1410 3872 partitis

292 3887 509 3976 linearibus,
536 3885 824 3976 mucronulatis,
848 3886 990 3990 pilosis,
1019 3883 1217 3964 involucro
1234 3885 1408 3979 soliaceo,

289 4005 448 4084 floribus
480 4003 653 4084 solitariis
685 4006 920 4098 nutantibus,
954 4002 1085 4110 petalis
1110 4019 1220 4084 extus
1246 4009 1407 4100 sericeis,
