3392 4742
780 361 798 472 (
839 357 954 471 74)

256 511 597 658 Marrubiumss
628 569 813 655 Herba.
879 565 1069 685 Weisser
1094 567 1319 656 Aridum.-

311 759 590 844 Mttrrtlbittm
612 757 788 874 valgum
810 755 945 840 Lina.
991 769 1127 843 Planta
1154 771 1321 869 petenatis
1351 771 1388 841 t'n
1415 793 1476 842 ru·

312 891 443 966 derau‘s
461 895 675 968 Geraneae
687 894 880 992 fiequens.

406 1051 534 1126 Herba
558 1050 716 1136 florens,
753 1045 860 1123 caule
885 1044 1175 1150 quadrangulari
1198 1045 1310 1122 dense
1330 1059 1476 1124 tomen·

308 1219 316 1226 -
357 1184 459 1259 toso,
492 1167 593 1246 loliis
620 1169 821 1273 oppositis,
855 1167 1099 1244 inferioribus
1124 1165 1329 1272 petiolatis‚
1365 1193 1480 1274 supe-

356 1291 520 1366 rioribus
544 1287 826 1376 subsessilibue,
855 1285 1025 1374 ovalibus
1047 1300 1086 1363 et
1107 1286 1371 1378 subrotundis,
1397 1287 1477 1366 basi

356 1413 567 1498 attenuatis,
592 1411 765 1497 crenatis,
788 1411 903 1510 magis
925 1411 1095 1484 minusve
1115 1411 1348 1498 tomentosis,
1370 1409 1476 1486 flori·

356 1529 429 1606 bus
446 1527 687 1618 verticillatis,
717 1526 908 1634 calycibus
935 1527 1146 1606 decemfidis
1173 1529 1349 1606 dentibus
1370 1531 1476 1634 apice

356 1649 518 1726 reflexis.
563 1646 781 1751 Colligenda
804 1674 933 1724 menae
952 1645 1053 1730 Iulio
1075 1663 1112 1726 et
1133 1648 1321 1752 Augusto.

257 1878 441 1970 Marum
458 1909 636 1964 verum.
657 1876 830 1962 Herbas
846 1875 1150 1982 Amberlanut.
1168 1877 1473 1966 Katzenlsraut.
1598 1847 1603 1856 Ι

318 2067 547 2150 Teucriam
561 2065 743 2148 Marum·
757 2063 892 2147 Han.
923 2073 1135 2149 Frutioulus
1147 2079 1185 2148 in
1198 2075 1343 2150 Oriente
1354 2091 1477 2179 sponte

315 2224 487 2296 crescens,
516 2203 553 2270 in
571 2199 724 2297 Europa
749 2195 971 2269 mertilzbnuli
991 2194 1121 2268 cultus

407 2369 535 2444 Herba
554 2369 694 2444 florens
714 2371 927 2456 aromatica,
955 2365 1138 2470 fragrans,
1163 2363 1270 2444 caule
1290 2368 1476 2472 quadran·
1592 2433 1596 2444 .

356 2487 490 2591 gulnri,
505 2486 608 2564 foliis
623 2491 817 2593 oppositis,
833 2485 1006 2590 oblongis
1021 2499 1059 2561 et
1070 2485 1298 2576 lanceolata,
1314 2489 1477 2567 breviter

356 2606 556 2714 petiolatis‚
579 2611 841 2710 integerrimis,
863 2609 1030 2710 margine
1047 2607 1207 2698 inflexis,
1234 2612 1372 2713 parvis,
1400 2601 1477 2686 un'a

357 2755 446 2803 cum
466 2725 614 2832 petiolis
636 2741 673 2802 et
694 2725 848 2803 ramulis
874 2739 1044 2803 tomento
1069 2725 1157 2805 albo
1182 2729 1472 2832 superinductis,

356 2846 514 2925 floribus
534 2850 732 2924 racemosis
752 2849 968 2952 purpureis.
1009 2844 1228 2951 Colligenda
1252 2863 1400 2927 aestate.

257 3075 531 3166 Mastiche.
582 3077 767 3161 Mastia.

509 3271 643 3346 Saccus
668 3260 1081 3346 PastacmeLentisci
1092 3261 1245 3376 Lirem,
1258 3275 1405 3378 finaeo
1420 3281 1475 3352 in·

509 3392 669 3466 salarum
690 3393 932 3494 Ambtbelagi,
961 3393 1210 3470 condensatus.

407 3563 544 3639 Resina
569 3567 609 3638 in
634 3563 807 3641 frustulis
829 3563 1086 3668 subglobosis‚
1113 3570 1251 3672 parvis,
1280 3567 1476 3674 subpellu·

358 3682 469 3774 aidis,
496 3681 800 3788 splendentibus,
834 3689 970 3762 tritum
995 3685 1258 3791 pulverulenta
1284 3687 1473 3794 impolita,

359 3799 496 3880 coloris
515 3829 564 3880 ex
584 3801 710 3884 albido
730 3808 870 3895 citrini,
898 3805 970 3883 sub
989 3809 1244 3885 masticatione
1263 3809 1473 3899 tenacibus,

358 3925 491 4032 prunis
522 3921 665 4026 injectis
697 3923 1019 4017 suaveolentibus,
1061 3930 1102 4002 in
1132 3929 1269 4033 spiritu
1295 3931 1373 4004 vini
1403 3956 1475 4034 pro

358 4043 517 4116 maxima
543 4059 648 4146 parte
673 4041 913 4124 solubilibus.
