3352 4736
626 213 630 227 Ι
763 229 966 430 (176)

251 529 496 630 Ferrum
532 525 956 673 sulphuric'um
993 527 1478 672 crystallisatum.

365 689 576 787 (Vitublum
589 691 734 763 Morus.
772 691 928 793 Sulphus
936 693 1104 792 fhuusus
1122 718 1204 764 cum
1217 695 1364 796 Apisa.)

251 847 309 928 R.
364 840 486 928 Acidi
506 843 727 960 sulphurici
744 843 1016 932 crudiuncias
1036 843 1271 932 duodecim.
1355 817 1388 860 ⁷

300 979 345 1054 In
372 978 570 1054 cucurbita
594 984 713 1056 vitrea
753 1021 757 1030 ·

363 1103 504 1218 Aquae
529 1107 756 1190 communis
781 1104 1008 1220 quadruplo

170 1287 175 1302 ·
250 1235 378 1314 dilutis
404 1241 610 1315 successive
635 1243 795 1316 immitte

362 1363 474 1447 Ferri
491 1374 532 1446 in
551 1351 724 1450 frustilis
743 1386 892 1449 tantum
1011 1448 1015 1454 .

249 1512 295 1574 ut
306 1495 439 1574 ultima
451 1525 537 1602 pars
556 1497 648 1574 ferri
662 1523 741 1573 non
756 1495 879 1575 soluta
891 1513 1094 1576 remaneat.
1122 1501 1225 1581 Tum
1238 1497 1335 1575 filtra
1349 1513 1387 1576 et
1399 1498 1480 1604 lege

248 1619 337 1694 artis
358 1621 399 1692 in
415 1615 611 1723 crystallos
629 1617 768 1722 redige.
807 1617 923 1694 Serva
941 1622 982 1725 iu
997 1622 1092 1696 vasis
1109 1620 1207 1695 bene
1225 1621 1426 1698 obturatis.

299 1735 385 1812 Sint
402 1737 552 1826 virides,
578 1741 655 1814 ueri
674 1741 861 1840 expositae
885 1739 926 1811 in
944 1737 1140 1842 pulverem
1151 1739 1293 1816 ssavum
1305 1739 1479 1816 fatiscen-

248 1871 317 1945 tes,
346 1859 386 1930 in
407 1884 526 1960 aquae
546 1857 717 1962 partibus
737 1856 884 1932 duabus
901 1856 1095 1948 solubiles,
1120 1861 1260 1964 saporis
1279 1863 1446 1964 styptici.

398 1980 527 2051 Doris:
553 1979 606 2050 ad
630 1981 755 2052 Grana
783 1985 862 2053 treis.

349 2101 461 2178 Note.
497 2104 626 2176 Ommiz
644 2119 857 2204 praeparata
874 2091 976 2204 ferri
1000 2103 1056 2175 lu'c
1084 2108 1255 2176 recensita
1280 2109 1351 2176 sint
1372 2132 1480 2206 cupro

489 2223 598 2322 pbtne
621 2223 744 2319 Idem,
769 2223 868 2325 quod
890 2223 1109 2320 dzgnoscitur
1128 2223 1301 2296 solutzbne
1323 2227 1360 2296 in
1383 2251 1480 2328 aqua

492 2357 559 2412 aut
579 2341 737 2414 macuto
760 2345 944 2416 nrurt'cttico
966 2359 1003 2415 et
1017 2347 1304 2443 praecr'pttatt'oue
1322 2370 1388 2444 ope
1408 2373 1481 2418 am·

493 2464 603 2548 monet·
617 2463 793 2534 sarbonici
806 2461 857 2532 ad
874 2487 1062 2534 excessum
1086 2487 1199 2565 tuque
1218 2462 1352 2561 additi,
1383 2464 1482 2566 quod

430 2617 434 2620 ·
495 2597 580 2654 tunc
599 2580 714 2652 colore
732 2581 893 2654 caeruleo
911 2586 1015 2682 cupri
1027 2582 1191 2677 oxydrmt
1211 2581 1324 2654 solvit.

433 2786 437 2797 ¹
500 2799 614 2904 Gaas
650 2793 832 2901 Acidi
870 2793 1221 2902 sarbonici

247 2985 305 3065 R.
364 2981 504 3067 Cretae
529 2989 746 3094 pulveratae
767 3005 953 3094 quantum
972 2995 1042 3069 vis.

296 3125 342 3198 Iu
369 3121 539 3226 lagenam
567 3125 752 3200 immissae
784 3137 821 3201 et
850 3115 969 3232 Aqua
997 3120 1208 3202 communi
1242 3127 1477 3204 humectatae

248 3245 385 3320 sensim
409 3243 560 3318 affunde

361 3365 483 3453 Acidi
497 3367 718 3481 sulphurici
733 3368 864 3483 crudi,
897 3371 1038 3490 Aquae
1054 3376 1283 3458 communis
1297 3371 1475 3487 partibus

805 3533 873 3589 sex
898 3511 1009 3589 diluti
1026 3525 1215 3617 quantum
1233 3513 1381 3588 sufficit.

164 3637 174 3662 ⁸
296 3637 373 3714 Ges
395 3663 464 3741 per
483 3632 666 3712 tubulum
686 3632 838 3738 lagenae
860 3639 1079 3740 impositum
1101 3639 1278 3742 prodiens
1300 3635 1398 3710 infra
1420 3663 1479 3712 su·

246 3755 438 3859 perficiem
465 3746 585 3858 aquae
610 3769 810 3860 apparatus
838 3757 1066 3859 pneumatici
1087 3759 1127 3830 in
1148 3755 1287 3858 lagenis
1309 3783 1406 3859 aque
1426 3781 1479 3830 re·

246 3872 356 3978 pletis
378 3879 508 3979 excipe
534 3877 636 3950 etin
662 3875 751 3980 ipsis
774 3875 870 3953 bene
895 3876 1076 3952 obturatis
1106 3903 1149 3952 uc
1175 3879 1331 3952 inversis
1357 3903 1474 3952 serra.

298 3995 356 4070 sit
382 3994 509 4071 oderis
536 4023 681 4100 expers.
