3352 4736
688 357 983 474 -(230)

510 569 803 718 Sulphur
851 568 1256 718 depuratum.
1407 615 1410 620 ·

649 735 795 834 (Flam
811 735 1000 837 salphaat
1020 737 1113 838 Iou'.)

327 867 466 953 Flores
480 866 709 984 Sulphurie
724 868 844 984 Aqua
867 871 1079 953 communi
1100 879 1243 956 fervida
1259 882 1419 985 repetito
1432 877 1497 956 ab·

269 998 348 1090 lue,
376 998 496 1076 donec
523 999 570 1072 ab
590 1000 696 1075 acido
716 996 940 1076 adhaerente
959 1000 1126 1104 perfecte
1147 997 1260 1074 liberi
1281 1011 1495 1105 appareant.

268 1119 372 1195 'rum
393 1122 582 1194 siccentur
601 1133 639 1196 et
657 1147 726 1223 per
745 1121 916 1194 cribrum
936 1119 1079 1222 trajecti
1102 1123 1143 1194 in
1163 1147 1249 1196 vase
1268 1119 1365 1195 bene
1387 1119 1498 1196 obtu-

269 1251 352 1315 rato
376 1251 587 1315 serventur.
621 1237 661 1316 Si
681 1251 768 1342 post
785 1235 940 1342 aliquod
960 1253 1110 1343 tempus
1130 1238 1281 1316 acidum
1302 1253 1499 1315 contraxe-

268 1359 359 1450 rint,
382 1357 508 1435 denuo
530 1385 628 1460 aqua
649 1355 866 1434 abluantur.

454 1543 747 1690 Sulphur
789 1549 1311 1690 praecipitatum.

713 1708 802 1805 (Lac
827 1707 1048 1808 Stdphurzssr.)
1151 1755 1153 1761 ·
1330 1803 1333 1810 Ι

267 1847 327 1930 R.
382 1843 568 1959 Liquorls
586 1841 680 1926 Kall
699 1843 863 1926 caustlci
882 1867 1067 1954 quantum
1084 1851 1220 1957 placet.

318 1975 494 2050 Ferventi
520 1975 561 2048 in
587 1975 769 2074 sartagine
795 1973 919 2050 ferrea
943 1999 1011 2076 per
1036 1975 1136 2048 vices
1162 1971 1255 2047 adde

381 2093 594 2210 Sulphuris
614 2090 812 2208 depurati‚

267 2239 453 2329 quantum
472 2223 599 2328 liquor
617 2223 691 2298 lali
712 2226 867 2299 caustici
887 2221 1031 2298 solvere
1044 2223 1156 2298 valet.
1185 2223 1396 2326 Liquorem
1409 2249 1497 2300 cum
1569 2299 1570 2304 ,

266 2335 389 2449 triplo
404 2335 545 2448 Aquae
564 2335 792 2418 communis
812 2341 951 2420 calidae
964 2345 1128 2418 mixtum
1140 2369 1209 2448 per
1230 2333 1375 2444 viginti
1397 2362 1497 2448 qua·

266 2473 361 2538 tuor
374 2463 485 2539 horas
498 2489 650 2566 sepone.
680 2461 782 2536 Tum
800 2460 1086 2538 decanthatione
1104 2477 1142 2540 et
1156 2460 1359 2540 filtratione
1377 2461 1496 2568 depu-

266 2597 348 2660 rato
365 2585 500 2660 sensim
521 2579 659 2660 instilla
783 2573 786 2578 ⁸

379 2700 501 2788 Actu
527 2701 746 2817 sulphurei
765 2699 900 2813 ulau,

266 2847 454 2939 quantum
466 2833 512 2908 ad
525 2831 848 2938 praecipitandum
861 2829 1025 2936 sulphur
1038 2833 1260 2934 requiritur,
1290 2845 1399 2906 caute
1419 2835 1495 2908 evi-

102 2983 105 2990 *
265 2953 378 3030 tando
399 2981 461 3056 gas
485 2950 877 3057 hydrosulphuratum
898 2951 1083 3028 suffocans
1103 2950 1191 3036 inde
1209 2963 1355 3026 natum.
1383 2951 1494 3027 Prae-

265 3075 461 3176 cipitatum
477 3061 596 3175 Aqua
610 3063 821 3146 communi
838 3069 963 3176 tepida
976 3069 1107 3147 sedulo
1121 3067 1234 3145 ablue
1252 3083 1289 3145 et
1301 3068 1388 3148 loeo
1401 3083 1492 3147 tem·
1515 3137 1518 3144 .

264 3203 395 3297 perato
412 3192 521 3266 sicca.
561 3192 608 3266 In
628 3192 723 3267 vasis
743 3191 841 3266 bene
862 3189 1045 3268 obturatis
1065 3217 1184 3266 terve.

315 3309 373 3388 Sit
392 3307 516 3415 pulvis
536 3307 800 3388 subtilissimus
824 3309 952 3388 colore
971 3309 1059 3391 albo
1078 3324 1145 3386 aut
1170 3337 1191 3385 e
1212 3313 1362 3387 cinereo
1381 3308 1492 3384 ssave-

265 3446 405 3524 scente,
433 3433 474 3504 in
493 3432 579 3532 igne
600 3443 702 3506 totus
723 3427 898 3508 volatilis.
940 3429 1050 3534 Aqua
1070 3457 1118 3506 ex
1139 3432 1221 3535 ipso
1243 3425 1298 3504 nil
1318 3427 1450 3508 solvat.

292 3617 585 3764 Sulphur
621 3612 959 3721 stibiatum
995 3619 1462 3744 aurantiacum.

321 3783 505 3882 (Sulpltur
513 3785 903 3857 Anutnom‘iaamzam.
932 3781 1284 3884 Subbuulplrwetum
1303 3780 1438 3878 Sata.)

264 3921 322 4006 R.
383 3917 568 4032 Liquoris
592 3917 687 4006 Kali
710 3919 889 4032 caustici‚

379 4049 520 4164 Aquae
540 4051 768 4136 communis
785 4061 1012 4165 quantitates
1028 4055 1215 4164 aequales.
