3428 4742
767 310 1027 490 (ω’

286 611 294 624 ·
396 582 461 664 Sal
485 586 526 660 in
553 571 737 690 crystallis
764 583 1068 676 cohaerentibus,
1096 583 1204 674 olbis,
1232 586 1469 690 prismaticis,

345 708 451 812 apice
477 708 711 795 acuminatis,
740 731 873 809 sapore
899 707 1136 796 amaricante,
1164 707 1204 780 in
1228 733 1347 810 aquae
1369 706 1472 784 sede·

346 828 422 904 cim
445 825 618 930 partibus
644 823 851 916 solvendis,
879 827 921 901 in
947 831 1032 902 abre
1057 827 1138 902 non
1162 824 1472 906 humescentibus

345 973 417 1022 neo
436 929 714 1022 fatiscentibus.⁸
740 943 899 1022 Constat
918 972 939 1020 e
958 943 1034 1022 knli
1055 958 1093 1020 et
1110 943 1470 1052 acidosulphurico,

345 1091 455 1169 saepe
468 1061 858 1169 calcaria-sulphurica
871 1067 1025 1141 mixtus.
1054 1063 1263 1166 Rejiciatur
1275 1063 1381 1170 quod
1393 1093 1472 1142 me·

329 1181 458 1278 tollis,
473 1186 676 1289 praecipue
689 1187 797 1260 ainoo
810 1197 848 1260 et
862 1199 996 1288 cupro,
1012 1186 1254 1288 inquinatum
1272 1199 1342 1262 est.
1370 1184 1473 1262 Illud

163 1390 167 1400 ¹
275 1375 278 1380 .
343 1305 653 1409 praecipitatione
670 1301 822 1406 liquore
838 1306 936 1380 notri
956 1303 1147 1382 carbonici
1167 1317 1205 1382 et
1223 1301 1414 1383 solutione
1430 1307 1473 1382 in

345 1421 495 1530 liquore
512 1427 692 1500 ammonii
710 1425 878 1513 caustioi,
891 1421 974 1526 'hoo
987 1423 1120 1502 eodem
1132 1423 1247 1502 modo
1262 1437 1299 1504 et
1311 1438 1395 1503 tum
1408 1451 1472 1505 co·

343 1541 426 1620 lore
447 1541 625 1621 coeruleo
647 1543 892 1649 dignoscitur.

243 1783 400 1872 Kino.
461 1783 598 1870 Kino.

497 1972 633 2048 Succos
657 1980 740 2046 aere
766 1971 956 2046 induratus
976 1975 1109 2046 arboris
1130 1947 1341 2072 agitatae-ex
1361 1973 1471 2046 India

498 2091 663 2164 orientali
684 2091 830 2167 allatus.
898 2151 902 2158 .

310 2251 316 2260 ’
396 2265 531 2340 Frusta
556 2291 685 2369 parva,
714 2262 902 2367 angulata,
929 2261 1105 2354 friabilis,
1137 2287 1183 2342 ex
1206 2263 1326 2340 rubro
1349 2265 1469 2367 nigra,

345 2386 482 2460 tritura
508 2383 644 2470 nrbrn,
682 2382 933 2488 splendentia,
970 2409 1107 2489 opaca,
1145 2387 1289 2490 saporis
1314 2382 1473 2460 adstrin-

345 2505 483 2606 gentis,
520 2501 673 2579 salivam
699 2501 827 2580 colore
854 2503 973 2579 rubro
998 2506 1199 2608 tingentia,
1235 2505 1276 2579 in
1306 2531 1405 2608 aqua
1425 2517 1473 2602 ¹et

345 2626 483 2728 spiritu
500 2625 588 2698 ¹vini
615 2621 805 2700 solubilia.

244 2863 358 2948 Lae.
391 2861 724 2950 Saocharum.
785 2859 1088 2946 Milclzauclcer.
1163 2985 1166 2994 1

497 3051 661 3124 Paratur
678 3077 699 3120 e
718 3074 797 3122 sero
818 3049 919 3120 Iactis
945 3047 1046 3122 dulci
1065 3051 1313 3148 evaporatione
1337 3065 1373 3122 et
1391 3075 1472 3150 ory-

497 3169 727 3270 stallzsatcone
752 3171 789 3240 in
814 3165 994 3262 Helvetia.
1029 3249 1037 3257 ,
1108 3265 1117 3282 ι

396 3340 668 3445 Compaotum,
703 3337 983 3446 crystallinum,
1013 3336 1160 3431 album,
1191 3339 1352 3431 durum,
1380 3341 1470 3418 sub·

346 3459 476 3552 dulce,
504 3463 545 3535 in
570 3467 690 3564 aquae
717 3474 803 3536 octo
829 3459 1019 3564 partibus,
1054 3462 1095 3534 in
1122 3463 1258 3566 spiritu
1283 3463 1362 3577 vini
1385 3460 1471 3537 bul-

249 3637 251 3643 .
345 3575 461 3657 lien'te
486 3607 566 3658 non
591 3575 766 3657 solubile.
801 3633 803 3638 .

244 3773 475 3862 Lactuca
502 3777 693 3860 virosa.
724 3773 911 3860 Herba.
942 3853 948 3868 ,
976 3773 1334 3894 Gffllatliglmat.

299 3923 489 4012 [actaea
510 3935 648 4010 virosa
671 3924 807 4010 Lina.
846 3935 983 4010 Plana
1001 3961 1125 4008 annua
1142 3937 1180 4008 ia
1195 3935 1347 4036 Europa
1368 3941 1470 4042 meri·

301 4057 440 4132 droaali
459 4075 670 4160 spontanea,
698 4055 801 4159 apud
822 4081 888 4130 nos
912 4059 951 4130 in
976 4053 1086 4128 bortis
1110 4052 1221 4128 culta.

1147 4173 1167 4246 I
1233 4171 1234 4174 ,
