3372 4722
253 593 340 668 satis
373 587 592 695 praevaleat.
667 592 956 695 Praecipitatum
998 589 1100 668 filtro
1137 613 1348 696 separatum
1386 619 1483 696 aqua

253 707 433 786 destillant
469 707 584 782 calida
616 709 737 810 probe
784 708 917 797 ablue,
955 708 1035 784 leni
1068 707 1192 784 calore
1236 713 1334 786 sicca
1366 731 1404 784 et
1442 713 1481 784 in

158 897 160 902 ,
253 829 349 906 vasis
376 827 472 901 hene
499 825 633 901 clausis
659 823 745 902 loeo
770 825 950 901 umbroso
978 825 1116 930 frigido
1147 851 1264 902 serva.
1401 837 1405 845 “

354 1083 440 1182 Peg.
460 1085 546 1156 295.
579 1060 723 1164 Kali
751 1056 1261 1204 hydroiodicum.
1318 1085 1480 1184 Expro-

249 1239 360 1320 gottcr
378 1219 452 1295 hoe
471 1219 557 1296 loeo
582 1243 619 1296 et
639 1223 822 1297 inseratur
842 1247 926 1324 pag.
947 1225 1032 1296 185.
1063 1221 1207 1296 Verba:
1235 1223 1347 1295 donee
1367 1223 1479 1326 leotro-

251 1346 298 1412 ris
324 1341 421 1413 color
445 1361 516 1414 ete.
545 1358 673 1439 vergat
695 1341 748 1416 tie
779 1360 884 1413 muta

419 1474 540 1552 donee
566 1474 725 1579 liquoris
748 1473 855 1552 color
880 1473 1116 1548 rubicundus
1144 1473 1221 1549 liat.

251 1611 406 1688 Verbis:
439 1619 518 1686 aet
537 1619 720 1714 expositae
745 1613 927 1686 lzrtrrtorem
960 1611 1180 1686 attrahentes
1206 1613 1328 1686 insere

420 1729 583 1805 tandem.
761 1809 763 1812 ,
1485 1815 1487 1819 Ι

251 1843 396 1920 Verba:
424 1875 446 1917 o
474 1863 577 1919 notro
602 1849 784 1920 mmtittr'eo
811 1865 882 1918 etc.
911 1869 1034 1946 usque
1069 1841 1115 1915 ad
1148 1841 1263 1917 finem
1296 1845 1349 1920 sic
1376 1865 1480 1917 muta

301 2009 322 2055 a
348 1979 422 2055 tali
449 1981 651 2057 cerbonico
675 1979 828 2071 liberae,
857 1980 961 2083 quod
987 1979 1262 2056 effervescentia
1284 2005 1372 2054 cum
1404 1981 1478 2054 aci·'

251 2097 306 2172 dis
333 2123 411 2174 sese
437 2099 578 2202 prodit,
606 2100 636 2174 si
663 2096 804 2174 scilieet
829 2094 994 2201 crystalli
1018 2118 1124 2172 antea
1150 2101 1310 2198 ineque
1335 2095 1478 2173 solutae

251 2213 405 2290 fuerint.

351 2409 440 2519 Pag.
458 2382 545 2493 297.
569 2399 1006 2502 Linimentum
1031 2400 1468 2500 ammoniatam.

250 2557 661 2692 Linimentum
710 2561 1064 2664 ammoniato
1094 2555 1476 2702 -eampltora-

251 2743 395 2824 lum.
428 2741 532 2817 Loco
555 2739 681 2820 verbi:
710 2752 837 2818 coeant
858 2738 939 2844 lege

395 2885 567 2958 coierint.

350 3087 546 3185 Pag.³03·
589 3067 838 3167 Natrum
883 3063 1191 3166 uitricum.
1250 3079 1399 3156 verba:
1440 3087 1477 3152 m

248 3230 331 3294 aere
357 3221 601 3299 humectantes
626 3225 679 3298 sie
704 3245 810 3298 muta

386 3358 426 3432 in
450 3363 536 3432 ae're
563 3358 711 3434 tandem
739 3357 1011 3435 tumescentes.
1099 3351 1130 3385 ⁵

349 3573 543 3676 Pageoe.
584 3575 673 3650 Post
719 3553 942 3660 Oleum
993 3548 1474 3697 camphoratum

247 3709 339 3784 adde

248 3817 470 3953 Oleum
506 3851 957 3957 Cltamomillae
1003 3843 1474 3957 terebinthina-

247 4035 375 4114 lum
412 4059 549 4136 v.peg.
581 4037 664 4107 209.
