3392 4742
766 323 1046 442 (78)·

391 539 523 618 Flores
550 538 749 642 compositi
779 535 855 612 albi
881 532 943 610 vel
968 532 1193 622 rubicundi,
1228 529 1355 636 ligulis
1379 531 1466 610 bre·

340 662 453 739 vibus
474 659 679 747 latissimis,
710 659 852 762 saporis
873 657 988 730 amari
1010 654 1198 744 subactis,
1228 653 1355 732 odoris
1376 654 1466 734 sub-

342 783 549 858 aromatici.
604 776 816 882 Colligendi
841 801 969 853 mense
993 777 1121 854 Iunio.

243 1042 613 1138 Millefolium.
644 1039 831 1126 Herba.
889 1035 1321 1156 Schufgorbenlsraut.

392 1257 520 1359 Herba
545 1285 669 1332 amara
695 1269 734 1332 et.
756 1247 977 1345 aromatica,
1006 1251 1114 1330 caule
1140 1241 1337 1356 angulato,
1352 1247 1467 1328 'loliis

341 1379 559 1491 bipinnatis,
585 1374 729 1453 laciniis
749 1373 968 1465 linearibus,
999 1371 1119 1451 setula
1139 1374 1360 1464 terminatis,
1387 1370 1467 1447 hir·

344 1503 405 1576 tis.
460 1495 679 1601 Colligenda
703 1521 831 1573 mense
855 1496 984 1572 Iunio.
1046 1587 1048 1592 A

244 1739 462 1828 Mimosa.
488 1734 696 1825 Gummi·
722 1733 1204 1824 GummiArabicum.
1231 1733 1469 1818 Mimoseo-

294 1875 481 1987 gummi.
528 1867 781 1954 Arabarches
807 1868 1003 1982 Gummi.

497 2039 637 2139 Succus'
669 2071 752 2136 aere
783 2061 1021 2135 condensatus
1046 2051 1231 2136 Aeaa'ae
1256 2051 1410 2134 tortilis.
1433 2078 1472 2135 et

498 2171 629 2284 Sayal
654 2171 700 2256 F
695 2169 806 2254 orslt.
835 2183 1059 2286 altorumque
1090 2183 1200 2284 hujus
1227 2188 1365 2282 generes
1390 2209 1468 2285 spe·

499 2291 646 2402 cretum,
675 2307 713 2376 in
734 2307 845 2376 vareis
864 2304 1012 2405 Africae
1030 2307 1226 2402 mgzombzas
1249 2321 1373 2404 sponte
1394 2331 1468 2376 cns·

499 2427 684 2496 scentiam.

398 2576 556 2653 Gummi
577 2579 618 2650 in
642 2573 771 2652 frustis
797 2602 906 2680 saepe
929 2573 1108 2679 globosis,
1136 2575 1384 2653 albicantibus
1404 2589 1471 2654 aut

348 2695 648 2785 flavescentibus,
676 2697 899 2786 nitentibus,
926 2683 1104 2774 lliffractis
1129 2700 1250 2774 vitreo
1271 2695 1471 2802 splendore

349 2817 581 2921 conspicuis,
609 2812 828 2920 pellucidis,
857 2819 999 2921 saporis
1019 2815 1135 2908 fatui,
1165 2817 1291 2894 odoris
1310 2815 1468 2895 nullius.

348 2935 573 3012 Genuinum
603 2963 692 3012 cum
721 2936 892 3041 partibus
918 2963 983 3012 sex
1008 2949 1143 3014 octove
1168 2965 1288 3042 aquae
1314 2935 1470 3015 solutio·

347 3083 437 3133 nem
461 3056 629 3162 perfecte
654 3055 811 3133 fluidam
836 3055 1004 3163 praebet.
1076 3111 1080 3118 -

250 3343 487 3436 Minium.
531 3343 858 3461 Superoayslum
872 3343 1165 3460 plumbosum.
1211 3345 1433 3464 Mennigc.

502 3569 765 3666 Pmepatulmn
803 3562 1025 3667 ‹pfiamrum
1062 3567 1298 3644 ckenutumm
1337 3575 1472 3645 usbone

506 3687 645 3787 plumbi
666 3687 862 3787 oxyduloti
873 3686 985 3778 fluvi.

374 3881 533 3972 'Pulvis
564 3893 702 3972 coloris
733 3921 780 3970 ex
810 3897 1027 3974 aurantiaco
1055 3895 1182 3985 rubri,
1218 3897 1470 4003 ponderosus,

356 4041 378 4091 e
395 4012 556 4120 plumbo
576 4029 614 4093 et
634 4018 823 4122 oxygenio
842 4031 1029 4096 constans.
1062 4015 1122 4095 Sit
1138 4044 1295 4124 purum,
1317 4045 1389 4098 nec
1406 4047 1473 4097 cu·
