3372 4722
776 263 947 422 (20)

241 527 271 559 “·
354 552 452 632 aqua
477 521 823 632 hydrosulplturata
848 537 887 599 et
912 521 1099 602 solutione
1122 527 1355 632 praecipitati
1382 527 1420 602 in
1439 527 1480 602 li·

253 671 375 747 quore
400 647 580 722 ammonii
607 641 958 750 hydrosulphurati.

295 989 296 995 Ν
354 894 550 995 raptet.
605 871 1475 1016 Liquorrlmmoniicaustici.

252 1029 298 1101 ln
331 1025 474 1102 verbis}
533 1031 666 1133 Aquae
698 1031 897 1104 desu'llutae
932 1032 1053 1104 librom
1091 1059 1200 1106 urtam
1231 1049 1268 1105 et
1298 1031 1479 1106 dimidiam

252 1169 420 1248 expungo
452 1157 491 1218 ct
516 1145 719 1223 dimidiam.

253 1313 454 1391 Tumloco
467 1312 694 1387 verborum:
724 1315 811 1388 libra
826 1315 1106 1390 uuoetdimidiz
1119 1265 1199 1420 rep.

428 1429 548 1507 librae
574 1430 683 1506 duae.
774 1427 778 1436 ’

126 1535 129 1544 Ι
255 1581 425 1658 Tandem
437 1610 478 1686 p.
498 1585 584 1656 192.
607 1583 647 1654 in
668 1581 742 1659 fine
754 1583 848 1660 adde

307 1733 386 1830 Qui
401 1735 496 1810 rasis
510 1732 652 1810 idoneis
664 1735 836 1811 instructi
852 1751 940 1813 sunt
950 1707 1024 1813 hoc
1036 1737 1149 1813 modo
1165 1737 1380 1841 procedant.

258 1981 316 2059 Ji.
376 1963 588 2060 Ammonii
616 1979 814 2061 muriatici
843 1977 958 2064 crudi
986 1987 1026 2058 in
1058 1985 1252 2090 pulverem
1291 1979 1485 2060 subtilissi-

373 2137 481 2184 mum
508 2113 585 2184 triti
621 2127 751 2221 partes
791 2105 905 2193 duas.
1266 2129 1269 2134 “

373 2287 571 2375 Calcarine
598 2309 709 2373 ustae
737 2295 974 2375 subtilissime
999 2299 1106 2372 tritae
1131 2319 1254 2402 partes
1285 2319 1370 2374 tres.

312 2485 432 2561 Misce
457 2489 498 2560 in
528 2507 667 2562 retorta
693 2483 801 2588 cujus
824 2483 924 2561 collo
945 2483 1165 2590 excipulum
1185 2488 1362 2574 vitreum,
1393 2485 1486 2562 tubo

262 2604 435 2707 elongato
469 2607 720 2695 instructum,
753 2602 970 2708 adaptatum
1002 2625 1069 2679 est.
1129 2603 1232 2679 Tum
1265 2601 1330 2679 fiat
1364 2602 1488 2680 destil-

261 2723 352 2800 latio
371 2725 458 2825 ignc
484 2731 621 2799 sensim
646 2743 758 2799 aucto
778 2743 815 2796 et
836 2749 912 2824 gas,
938 2720 1043 2824 quod
1068 2721 1207 2824 prodit,
1241 2723 1283 2794 in
1305 2748 1402 2824 aqua
1424 2721 1489 2798 dc·

197 2861 199 2868 “
263 2839 397 2918 stillata
425 2841 502 2941 (uti
525 2839 600 2942 jam
624 2839 844 2917 adAcidum
864 2841 1103 2914 mttriaticum
1131 2839 1373 2941 dictumest)
1399 2865 1489 2917 con·

178 3025 183 3034 .
264 2963 370 3036 tinue
395 2957 632 3062 frigidissima
659 2955 910 3035 conservanda
944 2957 1164 3060 excipiatur.
1205 2955 1368 3055 Quando
1393 2985 1490 3062 aqua

265 3076 424 3154 ulterius
460 3105 524 3179 gas
558 3077 758 3154 absorbere
791 3097 951 3164 recusat,
985 3099 1114 3149 recens
1139 3101 1237 3178 aqua
1262 3077 1302 3150 itt
1327 3074 1407 3178 ejus
1431 3075 1489 3154 lo·

135 3247 143 3260 -
266 3223 354 3270 cum
387 3193 648 3282 substituatur.
702 3195 806 3270 Haeo
839 3197 871 3270 si
902 3189 1147 3269 destillatione
1181 3191 1284 3268 finita
1319 3193 1489 3270 nondum

266 3331 427 3388 saturata
453 3335 633 3404 remanet,
669 3339 769 3388 nora
801 3313 1018 3415 operatione
1055 3311 1212 3386 saturari
1243 3331 1380 3414 potest.
1434 3311 1491 3389 Sit

267 3425 384 3534 pond.
412 3453 469 3535 sp.
499 3463 545 3498 =
572 3434 728 3520 osteo,
756 3429 859 3532 quod
885 3457 956 3536 pro
982 3455 1057 3506 usu
1081 3428 1227 3506 medico
1252 3427 1487 3518 diluendum,

267 3548 454 3623 nteit:
482 3549 597 3636 0,965
624 3581 670 3617 =
697 3550 826 3639 0,975.

320 3735 493 3810 Carene
527 3739 575 3811 sit
605 3735 720 3814 odore
752 3735 1032 3845 pyro-oleoso,
1067 3739 1136 3840 qui
1169 3741 1311 3828 oritur,
1349 3741 1379 3814 si
1415 3766 1492 3814 am·

270 3855 443 3932 monium
473 3857 715 3932 muriaticum
747 3877 813 3932 aut
844 3855 1000 3934 calcaria
1036 3877 1118 3933 usta
1151 3859 1304 3934 materia
1333 3855 1494 3962 quadam

272 3969 526 4046 combustibili
550 3983 754 4050 commixta
780 3973 934 4052 fuerint.
