3392 4742
767 337 941 454 (81)

342 549 503 654 liquoris
526 549 680 656 barytae
704 549 923 625 muriaticae
946 560 984 624 et
1009 549 1153 651 argenti
1175 550 1315 639 uitrici,
1343 553 1374 628 si
1398 577 1465 626 na-

342 683 447 746 tium
477 683 585 746 antea
616 668 723 744 acido
754 671 892 746 nitrico
918 667 1204 745 neutralisatum
1228 667 1363 760 fuerit,
1402 700 1465 748 ex·

255 853 260 869 .
341 788 553 893 plorantur.
588 787 795 890 Rejiciatur
813 787 972 865 metallis
992 791 1247 894 inquinatum,
1269 807 1353 896 post
1369 819 1464 868 neu-

345 907 614 986 tratisationem
633 908 740 984 acido
767 909 919 998 uitrico,
948 937 1047 1011 aqua
1066 907 1408 1015 hydrosulphurata
1427 925 1465 990 et

340 1027 491 1133 liquore
517 1027 591 1104 lali
616 1026 1023 1134 ferro-hydrocyaniei
1049 1028 1359 1133 dignoscendum.

241 1253 457 1343 Natru'm
480 1257 821 1340 muriaticum
846 1293 913 1342 seu
942 1255 1029 1343 sal
1052 1256 1307 1344 culinare.
1340 1258 1463 1345 Chlo·

295 1405 434 1474 retum
446 1389 612 1476 Natrii.
628 1385 881 1475 'Salzsaurcs
889 1389 1064 1472 Natmn
1077 1401 1165 1474 oder
1175 1389 1425 1475 Kactensat
1448 1451 1460 1476 .

492 1578 656 1650 Paratur
679 1577 716 1647 in
742 1571 890 1677 oſjictiais
911 1575 1033 1648 salinis
1058 1580 1186 1650 nostris
1206 1603 1274 1678 per
1291 1603 1461 1679 evapora-

494 1700 621 1770 tionem
647 1699 796 1770 muriam

389 1866 616 1974 Crystallula
650 1869 802 1958 cubica,
843 1865 1070 1974 plerumque
1107 1868 1319 1974 pyramidas
1354 1897 1461 1948 cavas

339 1991 625 2076 constituentia,
667 1985 771 2076 alba,
814 1986 1017 2091 diaphana,
1051 1991 1098 2066 ‚in
1137 2017 1256 2092 aquae
1292 1991 1461 2093 partibus

340 2108 461 2184 tribus
486 2105 683 2196 solvenda,
715 2109 756 2182 in
782 2108 869 2208 igne
894 2107 1172 2210 decrepitantia.
1218 2107 1373 2186 Constat
1394 2139 1460 2185 na·

338 2240 442 2304 trum
467 2229 710 2302 muriaticam
736 2228 902 2302 enatrio
929 2241 966 2304 ct
989 2224 1121 2303 chloro
1144 2255 1252 2332 saepe
1274 2233 1460 2332 magnesia

339 2350 533 2424 muriatica
559 2361 596 2422 et
623 2340 776 2422 calearia
802 2343 1023 2450 sulphurica
1043 2347 1235 2425 immixtis.
1284 2347 1375 2424 Aeni
1395 2377 1460 2426 en·-
1494 2385 1500 2402 ‘

339 2470 505 2570 positum
531 2493 610 2542 non
636 2469 746 2541 nimis
772 2465 979 2554 humescat,
1008 2493 1078 2542 nec
1098 2495 1218 2570 pauca
1238 2449 1335 2572 aqua
1356 2469 1458 2546 solu·

338 2599 422 2660 tum
447 2589 602 2662 nimiam
628 2589 776 2692 copiam
802 2613 1006 2690 corporum
1030 2585 1369 2692 heterogeneorum
1395 2590 1459 2667 de·

337 2705 472 2782 millai.

237 2943 453 3032 Natrum
488 2945 859 3061 sulphuricum
894 2943 1114 3030 crudum
1147 2983 1213 3033 seu
1246 2945 1332 3034 Sal
1361 2953 1458 3036 'mi-

291 3077 461 3162 rabile
488 3075 746 3165 Glauberi
775 3075 1010 3162 crudum.
1059 3077 1245 3194 Sulphas
1273 3091 1459 3167 muricus

291 3241 389 3294 cum
418 3241 532 3325 aqua
555 3210 726 3294 crudus.
767 3208 907 3294 Rohes
930 3205 1267 3324 sctwffttaauoes
1284 3213 1458 3299 Notion

292 3351 380 3424 oder
401 3341 519 3426 tates
548 3339 840 3426 Gnatersat.

445 3483 651 3600 [Paratur
674 3517 711 3586 in
736 3509 884 3616 offinius
909 3511 1113 3586 cltem1c1'se
1134 3515 1283 3588 restituti
1300 3514 1456 3589 desultr-

489 3637 590 3705 ttbnis
624 3632 720 3704 acidi
751 3635 928 3706 murtun'ci
960 3659 1024 3706 nec
1059 3660 1131 3706 non
1165 3637 1328 3706 cocteom's
1365 3642 1461 3709 natra'

488 3756 674 3826 maniatici.

385 3903 515 3982 Salia
541 3903 672 3982 frustis
698 3901 940 4010 crystallinis,
975 3903 1190 4009 pellucidis,
1223 3907 1265 3978 in
1291 3911 1375 3984 aire
1400 3907 1455 3984 ia-

337 4025 571 4117 tiscentibus,
598 4023 706 4116 albis,
734 4028 775 4099 in
800 4051 920 4127 aquae
944 4025 1066 4100 tribus
1082 4023 1169 4125 ‘fere
1190 4026 1361 4131 partibus
1381 4028 1455 4106 sol-

1117 4144 1151 4219 L
