3392 4742
784 365 989 482 (134)

426 580 899 684 Ammoniacum
943 575 1341 728 depuratum.

331 775 646 861 Amffloniacum
672 783 834 863 electum
866 812 936 890 per
967 799 1224 892 tempestatem
1255 788 1414 894 gelidam
1441 806 1497 869 te·

247 923 253 938 ·“
272 905 391 982 rende
409 907 629 1010 redigatur
617 931 658 980 m
674 903 885 1010 pulverem,
913 906 961 981 ab
980 905 1265 986 adhaerentibus
1283 910 1496 1015 quisquiliis

273 1052 347 1130 ope
373 1026 489 1103 cribri
516 1027 650 1102 setacei
677 1023 962 1104 secernendum.
1016 1027 1120 1104 Loco
1142 1055 1222 1104 non
1243 1031 1354 1108 nimis
1375 1028 1498 1110 calido

275 1144 403 1222 charta
422 1143 642 1221 involutum
661 1171 780 1221 serra.

320 1265 465 1343 Eodem
483 1264 599 1342 modo
623 1274 804 1369 parentur

475 1422 587 1524 Asa
639 1413 877 1523 foetida
939 1413 1273 1564 depurata,

476 1595 828 1706 Galbanum
865 1595 1272 1744 depuratum,

473 1782 864 1926 Sagapenum
898 1769 1292 1927 depuratum.
1364 1777 1368 1784 ⁴

267 2101 647 2204 Ammonium
689 2093 1072 2203 ear’bonicum
1116 2097 1483 2248 depuratum.

270 2270 407 2370 (Alcat‘
420 2270 565 2346 volatile
581 2269 807 2370 depumtrtm.
838 2269 1023 2344 Carbones
1034 2277 1250 2344 ammonicus
1265 2275 1490 2378 depuratus.)

220 2501 225 2512 .
325 2422 594 2508 Ammonium
627 2423 888 2507 carbonicum
921 2419 1095 2506 crudum
1132 2437 1172 2511 in
1202 2447 1340 2511 retorta
1372 2438 1490 2512 vitrea

268 2550 370 2630 collo
385 2550 511 2658 amplo
526 2555 721 2642 instructa,
737 2552 909 2658 adaptato
922 2551 1098 2656 excipulo
1111 2554 1207 2630 bene
1219 2553 1486 2656 refrigerando,

267 2670 506 2750 sublimetur.
544 2673 647 2748 Tum
664 2681 858 2747 exemtum
877 2673 918 2745 in
938 2675 1033 2749 rasis
1053 2673 1150 2749 bene
1170 2673 1350 2752 obturatis
1369 2701 1484 2754 serva.

316 2789 376 2870 Sit
396 2791 468 2869 bae
486 2790 733 2898 depuratioue
752 2819 774 2867 a
794 2789 954 2897 plumbo
976 2795 1131 2869 omnino
1150 2791 1363 2869 liberatum.

302 3069 716 3171 Ammonium
766 3061 1207 3172 carbonieum
1251 3069 1447 3214 pyro·

718 3226 1031 3334 oleosum.

598 3397 687 3497 (sat
701 3398 847 3472 moen
868 3401 996 3474 romu
1021 3400 1160 3499 oens.)

314 3559 512 3664 Segmenta
538 3547 751 3638 Corntmm
765 3548 897 3648 Cervi,
924 3558 986 3636 vel
1002 3562 1143 3636 ossium
1154 3557 1380 3664 pinguedine
1391 3585 1483 3663 pur-

263 3693 455 3784 gatorum,
493 3681 533 3755 in
563 3693 742 3757 retortam
771 3677 984 3757 tubulatam
1013 3678 1175 3756 ferream
1199 3689 1265 3753 aut
1290 3675 1484 3781 figulinam

262 3801 445 3889 immissa,
473 3799 643 3906 adaptato
669 3796 845 3905 excipulo
871 3795 997 3904 amplo
1023 3825 1112 3875 eum
1129 3797 1224 3873 tubo
1244 3797 1480 3890 intermedio,

263 3931 302 3995 et
321 3917 507 3996 foramine
524 3947 656 4026 parvo,
685 3915 841 3996 eleaticis
853 3915 1059 4024 vaporibus
1074 3919 1215 3994 exitum
1228 3917 1479 4022 permittente,

262 4039 462 4130 instructo,
490 4041 577 4143 igne
601 4051 747 4146 aperto,
776 4036 955 4144 gradatim
973 4049 1104 4141 aucto,¹
1126 4063 1209 4114 ure.
1247 4032 1372 4114 Salem
1390 4063 1481 4114 con·
