3352 4736
771 342 971 456 (us)

305 570 427 645 Mixto
445 570 582 643 invase
600 563 758 670 figulino
779 565 1048 644 humectentur
1065 557 1184 674 Aqua
1201 563 1411 644 communi
1437 585 1482 648 ut

255 690 320 766 fiet
338 715 454 766 massa
467 687 714 794 pultiformis,
738 715 853 790 quam
875 690 915 762 in
936 691 1083 791 vaporis
1106 703 1172 766 aut
1184 717 1317 768 arenae
1329 687 1479 782 balneo,

255 812 402 913 saepius
424 805 596 910 agitando
620 820 658 883 et
677 835 815 910 aquam
836 835 933 910 quae
948 807 1108 884 avolavit
1127 809 1409 900 reaffundendo,
1433 809 1483 885 di-

255 955 359 1032 gere,
396 929 516 1004 donec
543 929 651 1030 quasi
682 929 848 1003 resinosa
878 942 1070 1032 appareat,
1106 943 1143 1004 et
1173 917 1357 1033 particula
1385 957 1482 1033 aspra

254 1047 379 1126 colore
399 1075 419 1122 e
437 1047 547 1122 viridi
570 1047 669 1123 ssavo
687 1045 868 1124 solvatur.
909 1045 1111 1124 Formetur
1129 1051 1168 1122 in
1190 1047 1364 1150 globulos
1386 1049 1481 1125 bene

254 1168 466 1246 servandos.
516 1205 519 1211 ’
571 1259 573 1266 Ι

304 1289 390 1365 Sint
404 1285 539 1364 coloris
552 1287 759 1388 nigerrimi,
778 1285 883 1364 ferro
895 1287 1060 1392 oxydato
1074 1300 1112 1363 et
1126 1291 1230 1366 rimis
1243 1287 1368 1381 liberi,
1384 1315 1480 1391 aquo

252 1407 332 1484 fere
348 1405 460 1513 plane
477 1405 669 1484 solubiles.

253 1598 686 1746 Hydrargyrum
720 1603 1476 1708 ammoniato-muriaticum.

168 1826 174 1835 .
213 1836 217 1844 .
252 1771 471 1869 (Mercurius
497 1777 750 1873 praeczpitatus
776 1773 892 1845 albus.
946 1773 1272 1872 Hydroclrloretum
1300 1776 1483 1849 Anmrom't'

491 1968 493 1976 ¹
583 1917 665 1963 cum
692 1891 830 1990 Oxydo
845 1885 849 1896 ’
862 1891 1149 1991 hydrargyrr'co.)

251 2047 309 2129 R.
366 2041 613 2157 Hydrargyri
631 2046 829 2128 muriatici
851 2047 1042 2130 corrosivi
1061 2046 1226 2159 venalis,
1294 2067 1298 2074 '

366 2177 577 2260 Ammonii
610 2179 809 2261 muriatici
843 2175 1025 2292 depurati
1062 2183 1300 2290 singulorum
1343 2181 1478 2265 uncias

303 2345 417 2456 Solve
443 2381 483 2451 in
813 2330 925 2393 πῖθ’

364 2502 506 2616 Aquae
525 2499 745 2585 destillatae
762 2507 928 2584 fervidae
953 2500 1064 2584 libris
1084 2521 1196 2584 octo.

299 2642 459 2744 Liquori
481 2638 701 2743 refrigerato
724 2663 767 2712 ac
791 2633 931 2711 filtrato
954 2639 1090 2718 sensim
1113 2635 1275 2714 admisce

363 2763 536 2854 Naurum
561 2763 822 2848 carbonicum
847 2759 1020 2846 crudum
1038 2775 1077 2846 in
1097 2762 1239 2880 Aquae
1258 2761 1475 2850 destillatae

608 2991 612 2999 .
811 2894 1019 2995 qrrantitate
1041 2895 1245 2969 sufficiente
1266 2891 1447 2985 solutum,

249 3032 431 3136 quamdiu
444 3031 568 3138 pulvis
582 3029 792 3106 albissimus
804 3031 1085 3133 praecipitatur,
1114 3058 1244 3132 quem,
1265 3029 1364 3107 filtro
1377 3059 1475 3138 sepa·
1546 3081 1548 3086 ·

214 3155 217 3160 '
248 3166 372 3228 ratum
400 3165 437 3226 et
460 3141 579 3258 Aqua
598 3141 808 3225 communi
825 3149 959 3252 frigida
982 3147 1170 3240 ablutum,
1198 3147 1285 3228 loco
1311 3149 1473 3228 obscuro

249 3276 346 3350 sicca
369 3285 407 3347 et
427 3297 546 3348 serva.
1473 3276 1477 3284 ·

422 3459 874 3610 Hydrargyrum
918 3457 1296 3608 depuratum.

250 3667 308 3748 R.
361 3660 607 3776 Hydrargyri
625 3661 770 3744 libram
788 3689 926 3744 unam.

299 3797 464 3873 Immitte
484 3810 646 3874 retortae
666 3797 752 3872 sotis
768 3794 893 3897 capaci
913 3805 952 3868 et
969 3791 1062 3868 adde
1076 3795 1183 3868 Ferri
1195 3793 1311 3870 limati
1325 3808 1474 3871 tantum

250 3929 295 3993 ut
327 3917 542 4020 superficies
575 3941 621 3992 eo
657 3913 803 4004 obtecta
833 3915 893 3988 sit.
946 3911 1058 3988 Tunc
1083 3927 1263 3989 retortam
1297 3913 1473 4018 excipulo

250 4062 292 4113 ea
317 4063 436 4140 eqrrae
462 4038 571 4141 copia
596 4031 739 4141 repleto
770 4035 905 4124 insere,
944 4045 990 4108 ut
1015 4031 1203 4110 orificium
1236 4045 1399 4112 retortae
1423 4033 1471 4108 ab
