3352 4736
753 332 954 450 (las)

297 551 422 625 Parari
441 575 597 652 quoque
619 549 742 652 potest
762 573 784 623 e
805 573 922 624 massa
943 545 1059 624 salina
1083 529 1169 652 post
1187 543 1472 626 destillationem

247 669 341 746 acidi
361 670 488 745 uitrici
510 681 739 744 remanente.
768 667 876 742 Hanc
896 669 936 741 in
952 655 1093 772 Aquae
1111 659 1339 741 communis
1358 695 1472 773 quan·

247 791 351 864 titate
375 789 579 864 sufficiente
599 785 798 889 coquendo
825 783 947 874 solve,
979 799 1017 862 et
1044 785 1469 876 acidum,s1abundat,

249 935 338 985 cum
350 905 425 982 lali
439 905 640 983 carbonico
654 903 864 982 neutralisa.
889 906 992 980 Tum
1008 904 1137 1008 liquor
1154 903 1328 995 filtretur,
1342 920 1381 984 et
1392 903 1472 1012 lege

249 1029 337 1102 artis
354 1029 394 1102 in
412 1024 605 1131 crystallus
622 1025 825 1130 redigatur,
854 1051 947 1130 ques
966 1027 1115 1102 siccatas
1137 1051 1255 1101 serva.

300 1145 358 1224 Sit
374 1145 485 1249 plane
500 1159 693 1232 neutrum,
713 1143 790 1218 ab
779 1146 1040 1246 anquinatione
1057 1147 1167 1249 cupri
1185 1157 1223 1220 et
1240 1147 1351 1234 zinci,
1375 1171 1472 1250 quae

180 1339 185 1348 ,
250 1263 364 1342 modo
378 1265 509 1340 eodem
522 1290 565 1340 ao
578 1265 617 1337 in
631 1259 705 1338 lali
719 1261 942 1367 sulphurico
955 1261 1075 1340 crudo
1089 1260 1347 1367 explorantur,
1363 1291 1471 1369 pror·

251 1410 328 1473 sus,
361 1382 499 1460 aferro
514 1395 654 1469 autem,
684 1381 789 1484 quod
805 1385 970 1457 tinctura
983 1379 1164 1485 gallorum
1179 1381 1379 1471 indicatur,
1402 1407 1472 1459 neo

250 1525 330 1581 non
350 1531 371 1578 a
388 1501 527 1580 salibus
545 1499 814 1604 heterogeneis,
836 1514 1023 1604 quantum
1041 1500 1122 1576 lieri
1137 1515 1273 1604 potest,
1292 1502 1468 1578 liberum.

565 1831 707 1934 Kali
758 1835 1153 1936 tartaricum.
1356 1955 1360 1965 .

455 1995 651 2093 (Tamarus
666 1998 901 2069 tartarasatus.
941 1997 1089 2070 Tartras
1105 1995 1271 2094 taleas.)

254 2109 312 2253 R.
331 2191 335 2204 “
369 2165 463 2250 Kali
481 2165 724 2252 carbonicie
746 2167 945 2253 cineribus
963 2167 1178 2278 clavellntis
1198 2188 1385 2280 quantum
1401 2178 1469 2253 via.

305 2311 418 2392 Solve
443 2315 483 2387 in

368 2451 509 2566 Aquae
526 2453 755 2536 communis
771 2457 938 2547 fervidae
958 2453 1142 2566 octuplo.

306 2599 410 2676 Adde
434 2599 641 2674 successive
859 2603 862 2608 '

369 2736 578 2821 Tartarum
597 2731 851 2849 depuratmn,

257 2887 377 2994 donec
396 2885 669 2962 effaaeacentia
692 2897 820 2960 cesset.
862 2881 1070 2986 Liquorem
1094 2887 1167 2962 rite
1191 2883 1475 2962 neutralisatum

256 3003 332 3080 leni
350 3001 473 3080 calore
490 3001 537 3076 ad
555 3004 698 3078 siceum
716 3003 885 3104 inspissa.
923 3003 1080 3080 Massam
1103 3007 1143 3078 in

370 3139 511 3254 Aquae
529 3135 746 3222 destillatae
764 3123 916 3249 trigidae
935 3140 1113 3254 partibus
1132 3137 1275 3226 decem

258 3285 373 3374 solve,
394 3297 432 3360 et
442 3309 510 3387 per
522 3281 633 3360 horas
648 3277 808 3389 triginta
820 3305 888 3358 sex
905 3311 1059 3389 sepone.
1097 3285 1200 3362 Tum
1215 3283 1345 3390 liquor
1363 3287 1474 3364 filtre-

257 3421 321 3483 tur
338 3417 375 3480 et
391 3400 469 3484 leni
485 3399 672 3480 calore-ad
690 3407 832 3482 siccum
849 3419 1039 3510 evaporet.
1078 3405 1193 3482 Serva
1211 3409 1252 3482 in
1264 3409 1359 3484 vasis
1376 3406 1473 3484 bene

258 3525 454 3604 obturatis.

308 3641 366 3720 Sit
389 3639 515 3747 pulvis
540 3639 763 3732 albissimus,
792 3645 885 3718 aeris
910 3639 1111 3720 humorem
1135 3641 1246 3720 facile
1269 3643 1470 3736 attrahens,

259 3765 415 3840 omnino
427 3773 574 3850 neuter,
600 3759 648 3834 ab
668 3762 959 3863 inquinamentis
978 3759 1170 3838 metallicis
1188 3789 1358 3867 prorsus,
1382 3791 1473 3841 osa·

258 3879 344 3956 linis
361 3894 547 3983 quantum
567 3879 728 3956 obtineri
747 3891 882 3984 potest,
902 3877 1011 3956 liber.
1045 3879 1195 3957 Metalla
1208 3884 1389 3972 immirta,
1409 3885 1475 3960 sci·

258 3998 346 4077 licet
358 3997 504 4074 ferrum
519 4013 555 4074 et
568 4015 755 4090 stannum,
775 3995 923 4101 liquore
940 4001 1119 4076 ammonii
1139 3999 1473 4106 hydrosulphurati
