3392 4742
733 354 754 469 (
796 349 937 466 12⁵)

269 559 329 638 Sit
349 557 487 637 coloris
508 587 653 666 expers,
682 561 730 636 ab
751 577 1045 669 empyreumate,
1073 563 1180 642 acido
1207 563 1444 671 sulphurico,

216 681 324 758 acido
355 677 586 786 sulphur-oso
614 695 651 758 et
675 681 856 787 plumbo,
888 681 1072 773 liberum,
1103 687 1209 789 qnod
1236 686 1370 775 odore,
1400 685 1445 761 li·

217 827 340 906 qnore
364 799 520 906 barptae
550 804 707 879 nitricae
733 815 770 878 et
802 830 900 906 aqua
929 801 1273 911 hydrosulphurata
1306 832 1445 910 cogno·

217 923 347 999 scitur.
385 923 428 997 P.
445 949 546 1026 spec.
564 955 609 992 =
627 929 661 1011 t,
674 927 838 1014 oso-1,
852 925 939 998 060.

481 1211 747 1322 Acidum
790 1212 1178 1324 benzoicum.

650 1383 795 1481 (Floras
819 1377 1016 1484 Benzoes.)

218 1536 277 1620 R·
334 1532 510 1620 Benzoes
540 1538 759 1647 pulveratac
784 1530 922 1621 uncias
950 1538 1092 1648 viginti
1123 1556 1310 1653 quatuor,

333 1663 447 1750 Natri
476 1664 679 1750 carbonici
708 1663 824 1750 crudi
851 1679 928 1754 triti
955 1668 1090 1753 uncias
1116 1697 1281 1756 novem.
1386 1693 1389 1704 ’

266 1821 388 1898 Misce
413 1847 503 1898 cum

332 1969 474 2086 Aquae
499 1969 729 2053 communis
752 1982 960 2083 quantitate
985 1982 1191 2058 sufficiente

218 2124 265 2201 ad
285 2128 563 2202 consistentiam
583 2123 713 2231 pultis.
742 2125 879 2226 Digere
896 2151 965 2230 per
984 2124 1094 2204 horas
1112 2124 1244 2226 viginti
1262 2135 1441 2226 quatuor,

217 2272 375 2323 massam
400 2243 560 2321 subinde
586 2244 782 2347 agitando,
820 2257 858 2319 et
883 2271 1020 2346 aquam
1045 2245 1309 2348 evaporatione
1335 2241 1443 2318 dimi-

217 2379 351 2442 nutam
374 2364 627 2454 restituend0,
655 2379 739 2441 tum
759 2361 863 2439 dilue

332 2511 474 2630 Aquae
494 2513 722 2596 communis
741 2510 853 2596 libris
875 2509 1107 2598 octodecim

140 2693 144 2696 ’
218 2693 256 2757 et
268 2677 438 2782 decoque
455 2680 520 2766 ita,
542 2691 588 2753 ut
606 2691 691 2781 post
709 2675 915 2754 celaturam
933 2680 1123 2783 supersint
1141 2665 1264 2752 librae
1285 2665 1444 2754 duode—

219 2790 316 2873 cim.
355 2799 514 2902 Liquori
527 2796 620 2874 huic
633 2795 917 2874 decanthatione
935 2799 1091 2874 aresina
1104 2811 1272 2901 separato
1285 2797 1447 2875 admisce

332 2951 454 3038 Acidi
485 2951 707 3066 sulphun‘ci
741 2949 862 3037 diluti
889 2975 1076 3066 <pentum
1102 2963 1237 3036 sufficit

218 3121 265 3196 ad
288 3115 633 3196 neutralisationem
656 3121 755 3192 natn'
782 3117 973 3194 sarbonici
999 3113 1225 3192 excedentis.

268 3239 447 3316 Resinam
473 3238 559 3314 inde
582 3237 745 3338 elicitam
768 3235 970 3313 filtratione
996 3263 1124 3340 separa
1147 3250 1184 3311 et
1201 3235 1342 3340 liquori
1359 3263 1442 3313 eva·

218 3361 415 3464 paratione
428 3358 475 3432 ad
493 3347 613 3432 libras
627 3376 695 3431 sex
712 3357 861 3434 redacto
882 3355 1005 3432 adhuc
1031 3353 1166 3432 calenti
1188 3359 1327 3433 iterum
1351 3353 1443 3432 adde
1493 3415 1498 3422 .

333 3511 454 3600 acidi
477 3513 699 3628 sulphurici
723 3509 842 3598 diluti
871 3535 1018 3598 natum

218 3695 263 3758 ut
275 3683 384 3785 copia
397 3682 513 3756 totius
530 3678 641 3768 acidi,
662 3693 740 3754 tam
758 3678 805 3754 ad
817 3681 958 3756 resinae
971 3705 1085 3781 quam
1098 3676 1144 3751 ad
1162 3677 1257 3752 acidi
1273 3676 1444 3754 benzoiei

219 3803 490 3906 separationem
503 3798 675 3890 adhibiti,
696 3802 744 3875 sit
756 3781 966 3872 unciarum
979 3789 1122 3898 viginti
1136 3805 1325 3901 quatuor·
1353 3797 1445 3904 Cry-

218 3919 315 3998 stalli
339 3933 427 4024 post
456 3921 727 4024 repositionem
758 3921 854 3996 vasis
877 3930 985 3995 natae
1015 3915 1174 3992 colando
1202 3914 1441 4020 colligantur,

218 4051 303 4118 tum
322 4038 452 4144 liquor
477 4054 668 4146 evaporet,
700 4051 746 4116 ut
770 4036 863 4116 aliae
889 4035 1054 4145 crystalli
1080 4036 1274 4116 subsidant
1295 4050 1333 4114 et
1353 4061 1444 4144 ope-
