3352 4736
711 337 913 454 (191)

327 554 559 700 Liquor
587 550 907 656 Ammonii
944 541 1289 654 carbunici.

226 715 406 818 (Spiritus
433 715 526 790 Snlr‘r
559 719 773 790 ammoniaci
802 729 973 818 aquaem.
1022 714 1158 816 Liquw
1190 711 1402 786 Cardoaatir

700 835 916 933 amazonia.)

201 989 260 1071 R.
313 987 523 1072 Ammonii
542 986 745 1071 carbonici
764 982 948 1100 deputati
970 1004 1124 1100 partem
1142 1013 1282 1092 unam,

206 1207 209 1214 ,
315 1117 456 1233 Aquae
474 1113 694 1202 destillatae
711 1137 840 1231 partes
859 1117 1058 1231 quinque.

250 1251 628 1332 Solveetdacantha.
878 1235 882 1242 ¹

140 1381 144 1388 '
251 1372 310 1450 Sit
322 1371 515 1479 limpidae,
531 1370 668 1451 colaria
682 1399 829 1478 expers,
846 1399 892 1450 ex
906 1370 987 1449 tota
1000 1367 1163 1448 volatilia
1176 1369 1272 1445 atah
1284 1367 1429 1444 hetero-

201 1495 327 1598 geneia
338 1489 448 1582 liber,
470 1491 576 1595 quod
588 1494 645 1568 uti
658 1493 699 1565 in
715 1493 906 1568 ammonio
923 1489 1126 1566 carbonico
1147 1489 1266 1566 crudo
1282 1487 1428 1564 dictum

201 1623 256 1688 eat
274 1609 503 1717 exploratur.
538 1613 582 1687 P.
599 1638 700 1716 spec.
716 1645 762 1680 =
779 1614 1087 1699 1,050-1,000.

355 1823 590 1966 Liquor
626 1821 938 1924 Ammonii
974 1817 1266 1922 'caustici

200 1981 364 2083 (Spiritus
379 1981 479 2056 'Sata
504 1985 715 2056 amnwmirci
737 2007 818 2054 cum
850 1982 961 2055 Calcc
979 1985 1065 2053 viva
1086 1996 1248 2080 paratur.
1294 1979 1429 2080 liquor

704 2101 916 2199 Ammona.)

199 2257 258 2338 It.
314 2251 511 2340 Calcariae
530 2273 640 2337 ustae
658 2251 801 2336 libram
820 2281 959 2336 unam.

249 2399 532 2504 Conspergatur
557 2399 761 2473 sufficiente
787 2401 995 2500 quantitate
1012 2387 1153 2504 Aquae
1169 2387 1355 2472 fontanae
1371 2423 1429 2473 cu·

199 2517 308 2606 lidae,
329 2522 427 2592 utin
440 2515 636 2620 pulverem
648 2513 806 2592 fatiscat.
830 2516 932 2594 Huic
946 2519 987 2592 in
1000 2531 1179 2594 retortam
1191 2519 1349 2594 vitream
1362 2529 1428 2593 aut

198 2641 239 2714 in
255 2639 419 2714 vesicam
440 2633 732 2724 destillatoriam,
766 2633 951 2712 alembico
974 2650 1012 2712 et
1034 2638 1128 2713 tubo
1147 2633 1452 2740 refrigeratorio¹

199 2757 360 2835 enuncia
376 2757 576 2844 munitam,
600 2755 765 2830 immisso
785 2752 878 2830 adde

311 2882 523 2966 Ammonii
540 2881 738 2964 muriatiei
758 2878 875 2964 crudi
901 2891 1054 2966 contriti
1081 2881 1226 2964 libram
1246 2911 1386 2994 unaru,

313 3011 455 3128 Aquae
477 3009 662 3095 fontanae
678 3009 798 3094 libras
817 3030 1005 3126 quatuor.

249 3145 476 3253 Applicetur
491 3151 616 3226 statim
631 3143 852 3253 excipulum
865 3145 1035 3252 am'plum

310 3275 450 3390 Aquae
474 3273 695 3360 destillatae
711 3273 857 3358 libram
874 3291 1006 3358 unam
1018 3295 1060 3358 ct
1082 3271 1293 3362 dimidiam

200 3415 408 3492 continens.
445 3412 640 3496 Juncturic
667 3411 763 3486 bene
789 3411 923 3490 claueia
949 3411 1136 3494 destillent
1159 3413 1295 3493 leniter
1324 3406 1426 3492 libra

198 3549 279 3605 une
297 3543 338 3606 et
355 3515 537 3631 dimidia,
566 3543 611 3605 ut
636 3531 710 3606 sint
735 3529 894 3634 liquoris
920 3517 1043 3606 librae
1065 3543 1159 3606 tres.

247 3649 306 3727 sit
330 3647 527 3755 limpidus,
556 3647 712 3742 coloris,
741 3653 919 3727 ammonii
946 3653 1152 3742 muriatici,
1184 3647 1364 3727 calcariae
1388 3666 1427 3729 et

196 3765 437 3847 metallorum
463 3795 640 3876 prorsus,
673 3769 768 3846 acidi
794 3771 1005 3860 carbonici,
1035 3783 1222 3874 quantum
1246 3767 1328 3846 fieri
1353 3799 1424 3876 po·

194 3901 281 3979 teet,
308 3915 438 3994 expers
459 3902 498 3966 et
517 3901 666 3985 extoto
687 3887 859 3967 volatilis.
895 3891 1020 3966 Prima
1040 3903 1128 3994 post
1147 3888 1423 3969 neutralitatio·

194 4031 284 4086 uem
306 4033 379 4112 ope
407 4007 503 4084 acidi
533 4010 658 4086 nitrici
682 4007 832 4113 liquore
858 4011 1000 4112 argenti
1025 4009 1152 4086 uitrici
1178 4022 1216 4086 et
1241 4014 1421 4090 ammonii
