3372 4722
800 367 973 485 (24)

376 609 568 708 Papam.
598 577 857 731 Spiritus
877 587 1105 689 uitrico
1127 647 1144 664 ·
1164 582 1494 692 aethereus.

276 746 365 821 Post
391 745 523 821 rerba:
547 751 603 840 vt'n
628 747 802 844 hagenuh's
826 747 965 847 repletis
1000 747 1122 820 insere
1220 737 1222 742 ⁸

430 876 552 954 addita
576 878 787 980 Magnesiae
813 898 914 954 ustae
938 864 1052 982 parra
1077 879 1297 981 quantitate.

379 1053 573 1208 rigeat.
627 1081 888 1190 stibium
916 1081 1240 1229 oxytlatum
1268 1077 1496 1188 album.

278 1237 368 1314 Post
380 1239 492 1315 verba
506 1269 590 1346 pag.
604 1246 695 1321 227:
710 1247 823 1319 donee
836 1243 902 1319 hoc
921 1247 1145 1350 elaqueatum
1160 1245 1367 1348 praevaleat
1383 1245 1504 1322 insere

430 1389 468 1450 et
491 1376 629 1479 digere.

382 1608 576 1711 Pag.230.
630 1579 1503 1734 Sulphurstibiatumauran-

283 1743 539 1848 tlaCUm.
584 1769 778 1848 Siemuta.

283 1956 341 2039 It.
401 1953 516 2041 Natri
544 1957 747 2044 sarbonici
777 1959 959 2076 deputati
989 1963 1085 2046 sicci
1112 1961 1248 2044 uncias
1276 1991 1357 2072 sex,

399 2083 611 2200 sulphuris
640 2087 821 2204 deputati
849 2091 986 2176 uncias
1015 2111 1094 2174 tres
1123 2109 1165 2171 et
1193 2086 1419 2200 dimidiam,
1497 2117 1501 2127 ·

397 2213 519 2301 Stibii
538 2217 760 2332 sulphurati
774 2221 877 2330 nigri
899 2223 1140 2300 subtilissime
1170 2226 1254 2299 triti'
1269 2219 1404 2303 uncias
1421 2245 1504 2326 sex,

399 2343 595 2430 Carbonis
623 2351 838 2462 praeparati
867 2345 1073 2436 drachmas
1101 2379 1208 2468 sex.v

335 2505 474 2584 Omnia
494 2509 591 2584 bene
615 2513 729 2584 mixta
754 2509 963 2613 liquefiant·
983 2514 1022 2586 in
1049 2509 1249 2588 crucibulo
1275 2523 1389 2600 terto,
1423 2511 1509 2613 igne

285 2637 491 2717 moderato.
543 2638 701 2714 Massam
733 2635 976 2740 liquefactam
1001 2619 1104 2714 solve
1136 2638 1176 2710 in
1205 2629 1345 2743 Aquae
1369 2623 1509 2712 destil-

237 2845 240 2852 ,
286 2759 386 2844 latae
416 2768 622 2868 quantitate
644 2769 846 2842 sufficiente
871 2783 908 2842 et
926 2762 1116 2866 liquorem
1140 2759 1319 2836 liltratum
1346 2759 1392 2835 ad
1425 2785 1509 2862 erq-

287 2888 564 2968 stallisationem
584 2919 738 2997 repone.
774 2885 993 2996 Crystallos,
1022 2887 1170 2989 liquore
1190 2883 1423 2972 decanthato,
1447 2885 1510 2958 ite·

233 2995 237 3004 ⁵
289 3041 377 3090 rum
403 3015 443 3088 in
480 3010 621 3125 Aquae
660 3009 878 3094 destillatae
917 3013 1123 3112 quantitate
1155 3008 1359 3086 sufficiente
1391 3005 1507 3095 solve,

291 3136 387 3216 filtra
414 3151 452 3212 et
475 3135 617 3238 liquori
644 3137 782 3215 filtrato
804 3135 943 3214 instilla

286 3269 292 3283 ’
402 3271 581 3358 Aridum
610 3275 889 3390 sulphuricum
918 3274 1109 3386 dilutum,

290 3421 472 3526 quamdiu
493 3424 779 3526 praecipitatum
791 3425 1049 3498 aurantiacum
1063 3421 1149 3497 inde
1170 3423 1342 3507 efficitur,
1372 3417 1512 3522 quoda

290 3541 440 3644 liquore
466 3551 728 3642 supernatante
761 3567 889 3643 separa
917 3551 956 3628 et
986 3539 1098 3641 Aqua
1132 3539 1323 3614 communi
1356 3538 1514 3639 repetito

291 3657 414 3735 ablue.
450 3657 552 3731 Tum
566 3653 666 3731 filtro
681 3671 880 3760 exceptum
894 3659 992 3730 inter
1005 3653 1168 3730 chartam
1183 3653 1350 3730 bibulam
1371 3679 1511 3758 preme,

292 3773 377 3853 loeo
409 3775 604 3864 umbroso,
640 3785 890 3876 temperatura
925 3773 992 3860 200
1018 3799 1095 3848 non
1123 3771 1323 3848 excedente
1350 3773 1446 3848 sicca
1478 3791 1517 3845 et

293 3897 334 3970 in
360 3895 454 3968 rasis
480 3892 575 3968 hene
602 3890 785 3968 obturatis
810 3887 896 3972 loco
923 3889 1105 3996 umbroso
1131 3917 1249 3966 serva.

345 4027 403 4106 Sit
421 4025 545 4132 pulvis
564 4023 724 4114 subtilis,
749 4021 886 4102 coloris
906 4051 953 4100 ex
968 4024 1180 4100 aurantiaco
1200 4021 1301 4113 ssavi,
1316 4021 1513 4127 insipidus.
