3346 4722
749 299 953 418 (316)

291 515 490 595 Pulvemtu
511 528 550 594 et
567 499 742 594 mixtsiri
763 511 839 594 olla
858 513 982 592 ferres
1004 501 1147 593 munds
1167 537 1291 622 pruna
1318 513 1468 594 admota

244 637 508 715 accendantur.
549 642 641 714 Post
658 638 937 714 detonstionem
949 663 1067 713 mssss
1080 635 1298 740 refrigerata
1310 635 1467 714 terendo

245 759 285 830 in
301 756 497 862 pulverem
510 756 798 834 subtilissimum
810 753 1015 860 redigatur,
1034 743 1154 864 Aqua
1167 747 1377 832 communi
1393 753 1469 832 fer·

247 874 329 952 sida
355 862 488 954 sedulo
511 875 758 966 edulcoretur
781 887 820 954 et
845 877 1020 955 siccetur.

295 995 354 1074 Sit
377 993 503 1102 pulvis
528 995 940 1076 vindonem-fuscus.

325 1337 326 1342 Ν
429 1203 900 1348 Strychninum
951 1205 1281 1309 nitricum.

245 1397 317 1480 R:
359 1389 524 1482 Nucum
539 1395 804 1485 Vomicarum
824 1396 945 1484 libras
959 1419 1072 1483 octo.

295 1534 342 1609 In
366 1537 529 1612 vesicam
555 1533 834 1613 destiliotorism
859 1537 1033 1613 immissis
1059 1533 1153 1610 sdde

359 1659 534 1776 Spiritus
552 1663 762 1746 Frumenti
778 1660 898 1746 libras
909 1659 1103 1773 sedecim,

247 1821 285 1883 et
309 1805 496 1912 applicato
515 1807 699 1884 nlembico
717 1806 889 1912 decoque
917 1809 1038 1886 donec
1064 1795 1233 1882 dimidia
1250 1827 1340 1912 pars
1364 1805 1473 1886 fluidi

246 1925 428 2004 destillats
446 1926 578 2004 fuerit.
616 1927 721 2004 Tum
739 1953 857 2005 nuces
875 1929 1046 2005 vomicae
1063 1954 1085 2002 s
1102 1927 1223 2005 fluido
1242 1925 1401 2007 colundo
1416 1953 1473 2006 se·

246 2060 397 2154 perstre
414 2050 604 2126 siccentur
621 2050 711 2131 etin
724 2046 920 2152 pulverem
933 2045 1228 2152 grossiuscnlum
1240 2045 1471 2152 rediguntur.

246 2165 363 2244 Hunc
388 2157 454 2243 bis¹
467 2177 578 2242 terve
603 2168 729 2272 digere
747 2195 836 2246 cum

230 2393 238 2410 ,
331 2326 333 2330 ’
362 2304 535 2420 Spiritus
556 2307 767 2392 Frumenti
785 2317 990 2397 sufficiente
1006 2317 1227 2420 quantitste,

95 2473 98 2480 ·
152 2479 154 2490 ¹
240 2428 334 2558 'post
353 2453 598 2557 digestionem
620 2481 769 2560 semper
788 2453 1047 2556 exprimendo.
1083 2455 1183 2530 Dein
1203 2457 1391 2533 tincturae
1409 2453 1475 2533 de·

248 2570 440 2650 stillationi
461 2573 722 2678 subjiciantur,
753 2587 790 2650 et
808 2571 914 2676 quod
930 2585 1097 2666 remanet
1116 2599 1206 2648 cum
1223 2573 1344 2662 fluido
1366 2604 1388 2650 u
1410 2575 1474 2655 de·

176 2715 179 2726 ·
250 2705 360 2770 cocto
386 2693 538 2771 residuo
565 2693 611 2770 od
637 2695 907 2771 remanentiam
933 2680 1128 2770 librarum
1143 2677 1365 2770 duodecim
1390 2721 1474 2772 evr-

248 2829 370 2916 poret.
423 2814 525 2891 Huic
557 2814 650 2891 sdde
722 2885 726 2892 .
858 2847 861 2854 ·

271 3037 272 3042 t
296 3044 302 3054 ,
362 2950 585 3052 Plumbum
599 2954 799 3040 scoticum
812 2951 1068 3069 depuratum,
1103 2965 1144 3051 in
1164 2961 1372 3064 quantitate
1393 2957 1475 3037 sui·

729 3083 879 3160 ficiente
896 3072 1038 3190 Aquae
1052 3067 1272 3158 destillatse
1289 3077 1471 3170 solutum,

250 3217 433 3323 quamdiu
453 3221 741 3324 praecipitatum
763 3218 851 3295 inde
873 3219 1043 3297 efficitur.
1080 3219 1227 3323 Liquor
1247 3245 1269 3293 a
1289 3219 1475 3324 praecipi·

250 3350 331 3415 tsto
350 3363 423 3444 ope
439 3335 542 3427 filtri,
563 3355 749 3444 quantum
766 3338 848 3415 fieri
864 3353 1001 3444 potest,
1020 3351 1213 3446 separatus
1230 3335 1309 3414 leni
1329 3339 1416 3442 igne
1427 3335 1475 3412 sd

251 3445 471 3534 dimidium
496 3473 686 3564 evaporet.
740 3443 1031 3562 Refrigeratum'
1044 3461 1160 3535 misce
1182 3483 1272 3534 cum

350 3595 591 3710 'Magnesiae
607 3620 719 3682 ustae
741 3598 871 3683 unciis
885 3595 1058 3710 duabus,

253 3765 292 3831 et
305 3777 445 3858 sepone
464 3779 535 3858 per
556 3736 755 3854 triduum,
786 3778 866 3854 quo
892 3749 994 3852 facto
1019 3749 1270 3829 sedimentum
1292 3775 1367 3858 ops
1386 3747 1475 3828 filus·

252 3883 465 3978 separatum
491 3867 731 3950 edulcoretur
755 3883 793 3948 et
809 3861 982 3949 siccetur.
1027 3869 1113 3948 Hoc
1134 3873 1174 3948 in
1193 3869 1391 3976 pulverem
1407 3871 1475 3947 tri-

251 4003 337 4070 tum
360 3979 424 4067 bis
440 3999 551 4068 terve
575 4017 665 4068 cum
946 3983 951 3994 ’
