3428 4742
783 333 959 454 (32)

359 548 527 626 fractura
552 544 740 654 aequabili
766 550 925 640 nitente,
953 550 1095 653 saporis
1120 521 1371 645 audomari,
1398 579 1487 660 pru·

358 671 418 748 nia
444 667 605 774 injectus
630 681 781 774 gratum
805 694 983 776 spargens
1008 669 1179 750 odorem.

257 893 435 988 Cassia
468 897 846 984 cinnamomaa.
904 895 1220 984 Zimmdcaasie.

313 1081 488 1170 Laurus
518 1081 665 1169 Cassia
693 1081 829 1168 Lina·
882 1075 1002 1169 Arbor
1024 1093 1169 1170 Indiae·
1182 1096 1374 1171 orientale.

409 1265 553 1346 Cortex
581 1267 753 1344 internus
786 1287 1003 1358 ramorum,
1036 1265 1154 1346 odore
1185 1280 1223 1344 et
1248 1294 1380 1374 sapore
1404 1295 1485 1346 aro·

228 1480 232 1489 ¹
357 1389 495 1466 matioo
532 1385 580 1464 ad
614 1389 899 1465 cinnamomum
934 1375 1091 1464 acutum
1121 1385 1277 1492 quidem
1310 1391 1485 1494 proxime

356 1505 550 1600 accedens,
583 1507 649 1586 ced
674 1503 803 1585 colore
827 1508 944 1612 magis
969 1521 1150 1598 sarmata,
1179 1509 1342 1587 crassitie
1368 1508 1407 1586 e't
1432 1535 1485 1586 aa·

356 1655 452 1736 pore
476 1631 622 1706 acriore
646 1625 945 1734 distinguendus.

255 1855 433 1948 Cassia
456 1860 833 1946 cinnamomea.
864 1854 1053 1946 Oleum.
1093 1855 1480 1944 Zimmlkaasienail.

509 2056 674 2129 Parnon
700 2052 935 2128 deruihubna
963 2081 986 2127 a
1012 2043 1160 2130 Cassa
1189 2053 1483 2131 cinnomomeo

509 2177 548 2246 in
572 2171 684 2249 Inda
709 2173 885 2248 orientali.

407 2343 550 2425 Oleum
574 2343 791 2423 aethereum
807 2337 970 2437 barum,
997 2345 1132 2427 deinde
1156 2349 1197 2424 in
1222 2347 1389 2428 colorem
1406 2347 1482 2428 ius·

357 2494 447 2545 cum
471 2489 642 2569 vergens,
671 2463 855 2568 fragrans,
883 2469 1024 2572 saporis
1051 2465 1172 2546 dulcia
1197 2472 1355 2560 urentia,
1383 2497 1507 2575 aqua·

356 2588 520 2692 gravius.
560 2587 605 2661 P.
626 2611 685 2692 ep.
712 2617 759 2656 =
782 2585 916 2678 1‚071.
969 2586 1178 2693 Rejiciatur
1207 2588 1336 2667 oleum
1368 2589 1482 2669 etlo-

355 2705 462 2783 ribus
492 2707 627 2784 cassiae
653 2703 881 2782 destillatum
907 2711 1079 2801 tenuius,
1114 2705 1253 2788 eoloris
1277 2711 1404 2788 minua
1429 2737 1481 2788 aa·

354 2827 472 2902 tutati
498 2838 536 2902 ct
562 2824 689 2903 odoris
714 2827 840 2904 minua
860 2830 968 2933 grati.

201 3089 204 3096 ¹
252 3055 578 3145 Castoreum.
637 3055 867 3176 Biberger'l.

310 3242 460 3329 Castor
478 3238 613 3328 Faber
630 3240 766 3349 Lino,
800 3251 954 3330 Anaua!
968 3257 1006 3328 in
1018 3255 1171 3355 Europa
1189 3257 1328 3334 etAse'a
1344 3273 1480 3359 septen·

311 3373 457 3450 tribnal'
472 3377 681 3476 praesertim
705 3374 759 3448 ad
781 3378 877 3476 rapas
903 3371 1078 3448 babitans.
1169 3360 1173 3368 ’

404 3543 625 3624 Substantia
649 3543 834 3638 animalis,
863 3571 992 3624 recena
1017 3543 1257 3624 mollioscula
1281 3545 1392 3640 flava,
1421 3577 1480 3626 ex·

354 3669 490 3745 siccata
515 3679 731 3772 compacta,
763 3663 945 3756 friabilis,
977 3665 1176 3758 subfusca,
1209 3665 1479 3746 membranulis

353 3785 590 3864 tenuioribus
615 3788 835 3878 intertexta,
871 3785 998 3866 odoris
1023 3787 1170 3892 proprii
1195 3789 1389 3878 nauseosi,
1421 3815 1479 3865 aa·

352 3908 457 4013 poris
482 3895 715 3985 amaricantia
740 3903 928 3998 subacris,
961 3907 1002 3982 in
1029 3903 1212 3984 folliculis
1239 3907 1338 3984 inter
1362 3935 1480 3984 anum

352 4037 391 4102 et
425 4023 598 4132 genitalia
628 4027 761 4132 positio
792 4037 945 4104 sauata
999 4025 1165 4104 Affertur
1190 4054 1212 4104 c
1241 4026 1378 4106 Ruaaia
1408 4054 1479 4106 nec
