3428 4742
764 307 947 484 <ct

387 575 552 652 Fructus
570 574 714 654 baccnti
732 580 846 680 nigri.
866 576 1029 680 globosi,
1048 603 1211 684 superne
1229 581 1381 684 punctis
1398 583 1463 656 tri-

337 697 410 774 bus
430 694 581 773 elevatis
599 696 790 800 sulcisque
809 702 947 786 notati,
975 698 1132 806 pulpam
1153 726 1351 776 emuccam
1373 703 1463 778 sub·

338 816 646 894 amaro-dulcem
667 832 706 893 et
726 815 855 894 oleum
874 818 1091 896 aethereum
1110 819 1326 924 graveolens
1343 826 1463 902 conti·

339 955 483 1016 nentes.
504 936 716 1042 Colligendi
729 952 955 1029 auctumn03
979 941 1091 1018 nimis
1103 945 1241 1018 vetusti
1255 941 1460 1046 rejiciendi.

236 1143 542 1258 Juniperus.
574 1142 811 1254 Lignum.
881 1143 1269 1231 Wachtotderhot.

388 1296 553 1398 Lignum
578 1295 760 1388 albidum,
792 1311 918 1388 tenax,
948 1325 1072 1402 grave,
1102 1301 1243 1377 cortice
1270 1302 1460 1392 orbatum,

338 1419 564 1509 minctum,
598 1417 724 1494 suffitu
746 1415 959 1496 odoratum.

237 1641 349 1735 Kali
379 1645 701 1732 carbonicum
732 1645 938 1734 crudum
966 1686 1034 1736 seu
1059 1599 1255 1738 Cineres
1280 1631 1491 1740 clavel?

294 1777 400 1862 lati.
449 1778 663 1864 Carbonas
686 1777 848 1865 Italicus
869 1781 1042 1867 crudas.
1074 1782 1205 1904 'Rohc
1223 1783 1461 1870 Pottosche.

491 1967 654 2040 Paratur
672 1994 693 2038 c
712 1969 883 2040 czizerzlus
902 1963 1076 2065 lignorum
1097 1997 1165 2070 per
1181 1971 1461 2070 clioeivattonem,

492 2087 637 2188 lmuort's
654 2085 762 2160 satha·
775 2090 1054 2187 zichissau'onem
1072 2104 1110 2160 et
1125 2089 1260 2161 residui
1274 2095 1460 2164 ustionem.

389 2256 454 2336 Sal
466 2272 683 2363 compactus
697 2261 737 2332 in
750 2269 835 2335 atre
849 2257 1121 2362 deliquescens,
1143 2258 1305 2352 albidus,
1321 2265 1465 2368 saporis

338 2375 516 2468 lixiviosi,
545 2405 644 2468 cum⁴
658 2377 771 2454 acidis
798 2379 1055 2457 effervescens.
1097 2381 1254 2459 Constat
1280 2409 1301 2458 e
1324 2381 1400 2458 kali
1427 2396 1466 2460 et

339 2497 446 2574 acido
473 2499 675 2576 carbonico
702 2527 792 2575 cum
815 2497 889 2574 tali
915 2499 1156 2606 sulphurico‚
1188 2528 1259 2579 nec
1284 2527 1363 2577 non
1388 2501 1464 2580 kalt

339 2619 540 2696 muriatico
567 2631 605 2694 et
631 2617 765 2725 oxydis
790 2617 984 2698 metallicis
1007 2623 1148 2697 mixtis.

188 2943 192 2950 ,
237 2845 361 2932 Kali
392 2846 1230 2962 ferruginoso-hydrocyanicum
1255 2885 1322 2936 seu
1346 2849 1465 2936 Kali

294 2981 564 3083 zootioum
594 3003 660 3065 aut
684 2979 1022 3065 borussicum
1051 2980 1253 3066 venale.
1306 2983 1464 3094 Cyane-

295 3129 387 3195 tum
400 3109 525 3196 Kalii
543 3139 579 3196 et
596 3112 721 3196 Fem'
738 3111 900 3240 venale.
945 3109 1194 3225 Kciusticltes
1219 3112 1465 3200 blausaures

294 3241 529 3328 Eiscnltali.

492 3412 740 3510 Praeponatur
763 3412 800 3480 in
826 3405 974 3510 officinis
998 3407 1160 3484 cltcnu'cis
1186 3417 1322 3487 ustione
1341 3437 1463 3514 corpo·

491 3555 572 3600 rum
596 3528 803 3602 animalium
827 3553 909 3604 cum
933 3527 1010 3602 kalt
1030 3533 1213 3606 sorbonico
1237 3549 1276 3606 et
1288 3533 1408 3633 fimo.

389 3687 566 3796 Crystalli
592 3687 852 3778 cohaerentes,
878 3687 1014 3780 flavae,
1043 3717 1176 3795 sapore
1199 3691 1393 3784 subdulci,
1422 3696 1463 3770 in

338 3835 459 3913 aquae
470 3808 640 3915 pactibus
648 3824 826 3912 quatuor,
836 3811 884 3884 ”in
896 3807 1068 3887 alcohole
1080 3813 1236 3888 minime
1247 3809 1460 3906 solvendae,

340 3927 468 4019 eksli,
493 3929 597 4008 ferro
618 3943 656 4006 et
675 3955 795 4036 cycno
817 3943 1042 4008 constantes.
1085 3929 1285 4034 Eligantuc
1302 3933 1462 4037 majores

340 4046 454 4126 aknli
471 4047 694 4155 sulphurico
712 4063 750 4126 et
769 4047 848 4132 aliis
868 4048 1125 4156 heterogeneis
1145 4049 1257 4157 plane
1278 4051 1433 4159 liberae.
1459 4111 1463 4118 -
