3346 4722
503 408 508 418 -
723 373 747 486 (
787 367 871 460 277
912 371 932 486 )

207 577 373 690 crystalli
390 579 486 657 acidi
502 579 669 658 horacici
682 594 924 680 enascuotur.
953 579 1130 688 Crystalli
1144 581 1324 662 collectae
1339 612 1439 666 nova

207 698 516 809 aystallisatione
527 699 575 776 ab
588 701 684 777 acidi
697 699 909 806 sulphurici
927 703 1044 788 nimia
1063 705 1172 809 copia
1188 703 1435 810 deperentur.
1514 708 1519 718 “

258 821 343 898 Sint
355 818 521 925 crystalli
532 819 834 924 squamilormes,
859 820 1049 914 candidae,
1071 825 1211 927 saporis
1223 827 1289 902 vix
1305 821 1436 920 ullius,

208 944 342 1030 siccae,
369 939 473 1016 haud
493 938 677 1030 volatiles,
705 941 770 1020 sed
789 967 862 1045 ope
879 940 964 1016 tubi
986 940 1284 1020 ferruminatorii
1301 946 1438 1050 ignitae

209 1058 409 1165 globulum
434 1063 601 1136 vitreum
625 1059 868 1166 praebentes,
896 1062 938 1134 in
962 1061 1133 1166 partibus
1158 1065 1290 1166 viginti
1312 1091 1438 1168 ‘aquae
1485 1125 1493 1142 .

210 1176 402 1268 solubiles,
430 1183 471 1254 in
496 1177 667 1256 alcohole
692 1177 853 1268 solutae,
880 1177 995 1282 hujus
1019 1179 1209 1260 flammam
1234 1182 1362 1261 colore
1379 1187 1437 1260 vi·

209 1299 281 1376 ridi
312 1301 509 1402 tingentes,
550 1299 657 1375 aciclo
690 1295 914 1404 sulphurico
946 1325 1026 1376 non
1058 1289 1182 1380 nimis
1204 1304 1434 1406 inquinatae,

210 1418 315 1522 quod
338 1417 489 1522 liquore
513 1418 669 1523 baiytae
693 1419 853 1494 nitricae
879 1416 1066 1521 explorari
1093 1433 1231 1524 potest.

210 1643 448 1770 Acidum
474 1660 1045 1810 hydrocyanioumseu¹
1063 1660 1428 1772 borussicum.

210 1863 269 1948 R.
323 1861 418 1948 Kali
437 1859 1000 1974 fenuginoso-hydsoeyanici
1013 1862 1163 1948 venalis
1189 1871 1436 1976 aquisquiliis

768 1989 880 2065 liberi
897 1993 977 2066 triti
1002 1982 1165 2064 unciam
1181 2009 1321 2064 unam.

260 2131 459 2206 Immitto
448 2156 488 2204 m
509 2101 746 2205 cucurbitam
765 2130 924 2204 'vitream
943 2127 1113 2202 altiorem
1133 2141 1172 2202 et
1188 2127 1280 2202 adde

326 2265 448 2354 Acidi
472 2267 733 2382 phosphorici
755 2267 846 2388 puri
869 2267 1006 2349 uncias
1026 2262 1139 2420 duas,

212 2384 322 2459 cum'

324 2483 497 2598 Spiritus
511 2474 610 2570 Vini
633 2479 884 2568 alooholisati
908 2483 1039 2568 unciis
1059 2481 1188 2566 tribus

211 2634 354 2709 mixtas.
377 2631 535 2728 Orifieio
555 2631 776 2708 cucurbitae
792 2628 867 2706 tela
887 2624 1441 2767 gossypion(llloupseline)ob·x

210 2764 326 2843 tecto,
353 2749 565 2856 applicetur
582 2747 785 2826 alembicus
806 2775 895 2826 cum
915 2748 1107 2854 excipulo,
1131 2751 1194 2825 cui
1207 2749 1369 2826 immisse
1381 2760 1437 2826 est

326 2887 499 3002 Spiritus
513 2887 611 2976 Vini
629 2885 881 2971 alcoholisati
902 2888 1022 2970 uncia
1035 2917 1130 2968 una.
1233 2929 1237 2940 ·

263 3038 460 3114 Juneturis
480 3035 578 3112 bene
602 3032 737 3112 clausis
764 3056 803 3111 et
826 3033 1004 3139 excipulo
1023 3037 1066 3108 in
1085 3059 1223 3138 aquam
1242 3031 1435 3136 frigidissi-

211 3183 313 3233 mam
324 3159 510 3244 immisso,
533 3155 598 3232 fiat
609 3151 807 3232 destillatio
820 3151 896 3231 leni
915 3153 1053 3242 calore,
1080 3151 1263 3257 quamdiu
1273 3150 1437 3229 fluidum
1600 3153 1602 3158 ’

181 3337 184 3342 .
211 3279 357 3367 sanat,
363 3321 364 3324 =
385 3279 437 3352 ita
458 3289 504 3350 ut
524 3274 721 3352 residuum
739 3270 1064 3350 humidiusculum
1090 3297 1161 3348 nec
1186 3298 1340 3376 prorsus
1365 3274 1436 3348 sic·
1585 3371 1588 3375 Α

212 3423 302 3474 cum
321 3407 524 3472 remaneat.
558 3396 682 3470 Finita
702 3389 949 3470 destillatione
967 3406 1006 3470 et
1027 3393 1124 3468 vasis
1143 3389 1371 3496 refrigeratis
1390 3387 1436 3466 li·

212 3543 327 3620 quon
316 3513 500 3592 obtento
517 3512 610 3590 adde

327 3651 499 3768 Spiritus
514 3651 612 3740 Vini
628 3601 878 3738 alcoholisati
903 3673 1052 3738 tantum

161 3801 165 3809 ¹
212 3821 259 3885 ut
273 3807 422 3913 pondus
440 3808 556 3885 totius
574 3804 734 3911 liquon's
752 3808 800 3883 sit
823 3796 1034 3881 unciarum
1047 3825 1130 3882 sex.
1165 3805 1268 3882 Tum
1284 3805 1326 3882 in
1337 3800 1436 3910 lage-

211 3925 321 4004 nulas
349 3917 491 4002 unciae
505 3913 695 4000 dimidiae
719 3953 872 4032 capaces
893 3925 1058 4014 effunde,
1091 3951 1189 4028 quae
1207 3925 1305 4002 liene
1325 3924 1436 4003 obtu-

212 4061 315 4124 istae
333 4043 422 4124 loco
442 4045 605 4124 obscuro
622 4073 739 4150 quam
759 4047 922 4124 maxime
943 4057 1053 4124 caute
1072 4056 1280 4123 serventur.
