3372 4722
732 307 970 462 (aas

309 595 397 694 rag.
426 597 511 664 124.
583 565 828 668 Acetum
882 562 1261 670 scilliticum.
1338 594 1433 666 Ante
1559 645 1566 655 .

209 726 342 802 verba:
379 731 498 803 Caute
521 753 623 799 sorra
653 727 775 804 insere

378 860 495 937 Filtra
520 883 569 937 ot.

179 1017 206 1172 ι’
311 1044 513 1162 rag.1'24.
585 1031 851 1139 Aridum
906 1038 1233 1142 acetioum.
1303 1060 1434 1138 verbis

211 1192 342 1278 Acidi
368 1193 604 1309 sulphurici
629 1203 722 1284 adde
1225 1222 1226 1226 ‘

383 1339 515 1428 crudi.

212 1499 318 1574 Loco
343 1499 570 1574 verborum:
603 1498 738 1574 unctu
765 1517 915 1578 novem
940 1525 1022 1601 rep.

383 1636 513 1720 unciis
541 1623 624 1721 ier.

315 1842 404 1940 rag.
425 1841 510 1912 126.
553 1810 1250 1917 Acidum'muriatioum.
1293 1838 1340 1912 111
1365 1837 1440 1914 fine

214 1995 299 2072 pag.
323 1971 409 2044 127.
434 1970 527 2047 adde
904 1973 907 1980 “

131 2099 151 2162 '.
266 2105 346 2203 Qui
382 2111 479 2182 rasis
512 2107 656 2183 idoneis
690 2111 861 2184 instructi
900 2129 1007 2196 sunt,
1043 2107 1118 2183 hoo
1147 2107 1261 2184 modo
1277 2199 1278 2203 Ἰ
1294 2105 1440 2184 facilius

102 2287 105 2296 .
215 2227 410 2326 tutiusque
433 2251 563 2329 parare
589 2247 760 2328 possunt.

83 2403 87 2410 ’
174 2399 176 2404 ’
217 2397 276 2482 It.
337 2393 454 2481 Natri
482 2399 682 2482 muriatici
711 2417 825 2480 antea
855 2393 1077 2482 candefacti
1104 2393 1224 2480 libras
1251 2393 1363 2482 duas.

265 2544 430 2620 Immitto
460 2547 500 2618 in
521 2567 699 2621 retortam
732 2549 890 2620 vitream
915 2543 1138 2633 tabulatam,
1167 2547 1230 2620 cui
1255 2572 1319 2622 vas
1344 2549 1443 2622 exci-

217 2665 325 2766 piens
346 2663 440 2738 tubo
463 2661 636 2766 elongato
659 2665 886 2738 instructum
907 2662 1171 2765 ritejunctum
1194 2683 1261 2738 cat.
1308 2661 1443 2738 Tubus

218 2779 324 2856 hicce
350 2779 558 2856 demittitur
591 2783 632 2854 in
668 2779 837 2882 lagenam
867 2805 964 2880 aqua
998 2777 1177 2854 destillare
1209 2777 1255 2854 ad
1281 2777 1371 2855 duas
1398 2780 1444 2854 de

220 2899 340 2973 tribus
364 2919 487 3002 partes
512 2895 706 3001 repletam.
760 2895 862 2968 Tum
886 2916 1047 2972 retortae
1070 2897 1207 2972 sensim
1232 2894 1369 2971 instilla

336 3031 454 3120 A'cidi
488 3033 709 3149 sulphurici
739 3029 853 3115 crudi
882 3029 1026 3118 libram
1052 3063 1179 3119 uuam

221 3205 258 3260 et
289 3181 352 3256 fiat
386 3181 582 3258 destillatio
615 3185 655 3255 in
687 3179 824 3256 balneo
851 3205 984 3255 arenae
1007 3166 1131 3257 calore¹
1157 3182 1292 3256 sensim
1318 3203 1442 3272 aucto,

221 3299 342 3376 donec
373 3299 516 3376 fundus
552 3321 713 3375 retortae
749 3299 913 3374 candeat.
977 3295 1257 3374 Gas'transiens
1283 3302 1323 3372 in
1349 3327 1446 3402 aqua

222 3415 402 3494 destillata
424 3401 643 3519 excipiatur,
671 3415 800 3520 lagena
823 3443 919 3517 aqua
943 3413 1075 3517 frigida
1097 3419 1229 3503 cineta,
1259 3413 1387 3518 glacie,
1416 3420 1446 3490 si

185 3585 189 3594 ·
223 3536 304 3612 siem·
330 3556 465 3639 potest,
495 3539 676 3610 immixta.
717 3533 880 3630 Quando
907 3561 1005 3638 aqua
1031 3533 1188 3608 ulterius
1216 3559 1278 3634 gas
1299 3533 1447 3608 acidum

222 3652 440 3741 absorbere
461 3674 628 3741 recusat,
665 3673 903 3727 removeatur
933 3673 971 3727 et
996 3651 1109 3726 altera
1141 3645 1184 3723 iri
1215 3648 1295 3751 ejus
1320 3648 1449 3727 locum
1511 3677 1516 3688 ¹

165 3811 166 3814 ¹
223 3772 482 3850 substituatur.
526 3773 566 3850 Si
579 3799 684 3862 vero,
700 3767 944 3846 destillatione
957 3791 1119 3877 peracta,
1134 3795 1231 3870 aqua
1240 3793 1328 3870 gase
1341 3770 1448 3848 acido

128 3905 131 3911 '
222 3890 394 3966 nondum
421 3893 467 3966 sit
493 3911 681 3981 saturata,
700 3892 865 3994 operatio
891 3887 1069 3963 iteranda.
1122 3891 1166 3960 P.
1191 3892 1447 3988 sp.=1,196

225 4007 329 4110 quod
354 4035 425 4114 pro
448 4035 522 4085 usu
536 3999 690 4086 'medico
715 4005 894 4097 diluatur,
917 4027 962 4082 ut
989 4009 1036 4082 ait
1058 4011 1444 4095 ='1,110-1,120‚

1102 4123 1133 4201 C
1260 4186 1263 4199 .
