3352 4736
616 317 921 480 1113)

206 571 329 650 larum
356 572 538 650 inunctas.
572 575 718 652 Pastum
739 575 889 652 modico
911 574 1034 652 calore
1057 573 1289 652 sufficienter
1310 578 1427 653 exsic'·

207 707 340 780 catam,
369 695 467 766 etin
492 690 645 769 taleolas
663 696 825 780 scissam,
846 693 980 771 loco
951 722 1051 772 slcco
1069 723 1189 771 serva.

256 810 991 918 8111010111111111011111,(1113111111,
1020 813 1428 920 etabempyreumate

205 931 381 1062 libem.

538 1069 769 1170 Pasta
762 1047 1092 1210 gummosa.

592 1238 765 1318 (111111
766 1239 1041 1318 1111111111.)

205 1371 263 1452 R.
318 1367 491 1456 Gummi·
513 1369 1063 1470 111111103111111111111,ι

321 1499 505 1584 Sacchari
529 1500 719 1588 albissimi
738 1487 975 1655 singulorum
1007 1501 1125 1586 libras
1145 1423 1257 1586 dias.

189 1622 193 1630 Ι
256 1643 406 1724 Sol've
395 1675 434 1722 ιιι
519 1641 523 1652 ’

317 1785 458 1900 Aquae
482 1789 709 1872 communis
732 1785 844 1872 libris
867 1809 979 1873 octo.

255 1931 363 2022 Cola,
387 1949 423 2010 et
442 1933 571 2037 liquor
587 1933 814 2010 subsidendo
833 1963 876 2010 ac
895 1925 1152 2030 decanthando
1171 1933 1372 2038 depuratus
1384 1935 1426 2008 in

204 2051 326 2127 lebete
348 2081 490 2158 cupreo
513 2055 717 2158 purissimo
734 2052 809 2127 leni
832 2052 956 2128 calore
976 2051 1147 2158 spathula
1165 2051 1288 2156 lignea
1306 2053 1425 2128 conti-

204 2198 280 2248 nue
301 2169 472 2274 agitando
494 2171 540 2246 ad
562 2163 683 2247 mellis¹
704 2172 982 2276 spissitudinem
1004 2188 1190 2276 evaporet.
1222 2171 1362 2246 Lebete
1379 2169 1426 2244 ab

203 2294 289 2395 igne
304 2309 449 2369 remoto
468 2297 630 2431 agitetur
647 2290 778 2367 sedulo
797 2319 840 2367 ac
853 2291 1035 2382 celeriter,
1056 2306 1100 2367 ut
1113 2291 1281 2368 albescat
1307 2290 1423 2379 Tum,

201 2411 355 2488 lebete
344 2426 482 2488 nerum
501 2415 578 2514 igm
568 2411 787 2486 lenissimo
807 2411 973 2500 admoto,
994 2439 1064 2517 per
1080 2413 1180 2488 vices
1200 2409 1425 2486 admiscean-

203 2547 269 2609 tm
294 2519 515 2604 Albumina
538 2519 723 2606 Ovorum
754 2533 963 2607 recentium
988 2559 1077 2607 eum
1102 2520 1243 2644 Aquae
1259 2519 1427 2604 Florum

202 2639 387 2730 Auiantii
404 2643 533 2726 unciis
552 2637 748 2727 duabus
737 2679 788 2726 ιιι
799 2677 971 2778 spumam
994 2649 1144 2724 densam
1172 2630 1320 2724 redacta
1346 2667 1425 2721 nu-

199 2789 314 2844 mero
328 2757 579 2876 quindecim,
612 2785 650 2845 et
674 2767 876 2872 agitentur,
905 2769 1025 2845 donec
1049 2795 1187 2844 massae
1212 2767 1424 2870 aliquantu·

201 2887 284 2964 lum
296 2903 551 2994 exemptum'a
564 2887 736 2993 spathula
756 2901 856 2964 mota
876 2915 954 2963 non
970 2885 1129 2991 amplius
1143 2885 1294 2961 defluat.
1323 2887 1423 2960 Tan-

201 3007 288 3084 dem
309 3009 523 3084 effundatun
540 3012 581 3084 in
599 3005 767 3112 capsulas
785 2993 1024 3112 papynaceas,
1053 3031 1166 3111 supra
1182 3005 1308 3096 telam,
1332 3032 1424 3106 gaze

146 3149 151 3162 ·
201 3125 352 3217 dictam,
375 3153 575 3233 expansam
592 3132 746 3233 positas,
768 3128 866 3202 bene
885 3126 1123 3229 obtegendas,
1145 3141 1183 3202 et
1194 3123 1281 3202 loco
1302 3124 1422 3204 calido
1537 3149 1540 3158 ⁴

202 3261 312 3323 caute
321 3249 545 3322 exsiccetur.
574 3251 621 3323 In
631 3245 790 3323 :taleolas
808 3251 965 3322 scissam.
975 3246 1062 3323 loeo
1081 3249 1180 3324 sicco
1200 3273 1318 3324 serva.

252 3363 311 3442 Sit
330 3365 529 3456 albissima,
555 3366 661 3454 levis,
690 3364 791 3441 haud
812 3379 936 3442 tenax.

108 3627 115 3640 -
256 3552 587 3663 Plumbum
622 3559 933 3664 aceticum
970 3550 1366 3706 depuratum.

203 3727 441 3826 (Sacctamm
450 3729 599 3805 Saturni
609 3729 692 3831 dep.
733 3732 866 3844 Aeonas
880 3729 1080 3830 plumbatas
1096 3757 1177 3804 cum
1193 3731 1303 3833 Aqua
1321 3727 1422 3830 dep.)

145 3940 148 3952 ›
201 3881 261 3967 R.
313 3879 477 3971 Plumhi
499 3885 640 3971 acetici
663 3881 779 3970 crudi
799 3905 929 3998 partes
953 3881 1188 3988 duodecim.

238 4025 366 4106 ¹Salve
390 4032 431 4104 in
531 4051 534 4060 ·
