3392 4742
712 330 914 446 (135)

194 557 355 632 oretum,
384 568 459 616 una
481 568 570 618 cum
591 539 741 645 liquore
764 539 979 618 ammoniali
1003 555 1040 616 et
1060 539 1144 618 oleo
1169 540 1311 618 foetido
1335 541 1423 618 inde

193 663 403 769 productis,
425 659 574 765 collige,
591 689 680 738 cum
692 661 810 766 duplo
829 649 918 750 Bali
936 640 1047 734 albae
1065 657 1281 765 pulveratae
1305 663 1424 738 siccae

193 787 323 874 misce,
352 809 373 856 e
398 795 540 857 retorta
559 784 690 872 vitrea,
718 779 843 856 balnei
866 807 999 856 arenae
1016 778 1154 878 calore,
1184 778 1358 872 sublima,
1386 795 1424 858 et

193 907 235 980 in
254 928 341 978 vaae
358 901 454 976 bene
479 887 654 978 obtur'ato
680 927 797 977 serra.

246 1021 306 1098 Sit
332 1023 488 1110 siccum,
517 1007 655 1096 coloris
680 1018 934 1096 inarescentia.

195 1225 583 1329 Ammonium
609 1225 1003 1328 muriaticam
1037 1219 1414 1369 depuratum.

196 1397 276 1496 (Sal
302 1394 559 1470 erameniorum
599 1395 825 1496 depuratum.
885 1392 1211 1492 Hydrochloretum
1242 1369 1427 1470 Amniom'i

688 1511 935 1614 depuratum.)

253 1647 525 1732 Ammonium
561 1647 819 1730 muriaticum
856 1640 1030 1729 crudum
1057 1650 1224 1730 solvatur
1247 1655 1287 1732 in
1303 1683 1423 1758 aquae

197 1773 338 1852 calidae
351 1778 558 1878 quantitate
571 1774 794 1852 sufficiente.
834 1773 1013 1852 Solutum
1026 1773 1202 1863 filtretur,
1231 1787 1269 1850 et
1283 1777 1324 1849 in
1337 1771 1422 1852 vace

194 1897 316 1972 vitreo
349 1909 415 1969 aut
446 1893 682 1998 porcellaneo
716 1921 830 1998 supra
860 1894 1053 1971 modicum
1076 1897 1201 1997 ignem
1228 1909 1418 1999 evaporet.

198 2015 302 2089 Tum
315 2013 361 2088 ad
375 2011 719 2118 crystallisationem
732 2027 950 2116 reponatur,
979 2027 1017 2089 et
1034 2016 1202 2116 operatio
1215 2024 1419 2118 repetatur,

196 2133 377 2236 quamdiu
398 2129 562 2237 crystalli
581 2130 687 2207 albae
710 2134 899 2208 oriuntur.
948 2131 1123 2238 Crystalli
1142 2133 1240 2209 bene
1266 2137 1422 2210 siccatae

203 2269 412 2328 serventur.
1193 2289 1197 2294 *¹

248 2369 415 2446 Carene
436 2373 511 2447 sint
531 2385 663 2447 stanno
684 2373 915 2474 inquinatae,
946 2369 1097 2476 liquore
1119 2373 1202 2448 auri
1221 2369 1420 2450 muriatico

199 2489 464 2594 dignoscendo.

198 2684 592 2786 ammonium
661 2685 1076 2787 muriaticum
1145 2685 1470 2826 ferrugi·.

435 2885 651 2964 rixosum
691 2903 758 2952 seu
795 2849 1179 2950 martiatum.

198 3015 343 3114 (Florec
358 3014 450 3090 Salia
463 3018 675 3088 anrnwniaa·
685 3017 876 3088 nrartr'olm.
905 3016 1229 3128 Hydroclrloretum
1239 3021 1424 3110 Amnrom'i

556 3161 637 3208 cum
652 3133 909 3209 Subbiclrloreto
926 3138 1064 3234 Ferri.)

197 3271 256 3354 R.
311 3269 520 3352 Ammonii
551 3271 750 3356 muriatici
785 3269 968 3389 depurati
999 3272 1136 3356 uncias
1171 3293 1267 3356 octo

247 3408 253 3435 '
313 3399 499 3515 Liquoris
532 3399 642 3484 Ferri
679 3403 876 3486 muriatici
908 3399 1073 3514 oxydati
1103 3404 1278 3522 unciam·
1296 3431 1419 3488 unam

199 3599 313 3678 Solve
338 3601 379 3674 in
759 3555 801 3616 et
825 3528 1049 3618 ‘dimidiam'

172 3809 178 3819 .
313 3736 455 3852 Aquae
485 3731 702 3821 destillatae
728 3748 935 3850 quantitate
960 3745 1184 3824 sufficiente.

248 3881 449 3961 Filtratum
476 3897 563 3989 post
590 3886 893 3990 evaporationem
916 3883 963 3959 ad
987 3879 1332 3992 crystallisationem
1358 3913 1417 3964 re·

198 4031 313 4110 pone,
342 4017 380 4082 et
407 3999 663 4110 operationem
687 4016 814 4110 repete
835 4003 1016 4109 quamdiu
1037 4001 1204 4110 crystalli
1224 4003 1418 4084 distinctae
