3392 4742
737 351 987 490 (11)·

338 565 432 655 ora
444 563 655 654 olivarum
669 563 931 652 provincialis
954 535 1193 678 angurum
1219 560 1451 652 drachmam

786 709 926 766 unam.

150 760 158 776 ι
272 833 319 908 In
339 829 476 908 balneo
496 856 616 936 aquae
636 827 789 934 liquatis
810 827 904 906 adde

337 976 570 1090 Mastiches,

336 1107 501 1198 Olibani
525 1115 765 1221 singulorum
777 1114 1065 1222 pulveratorum
1088 1103 1296 1192 drachmas
1311 1103 1425 1220 duas,

338 1239 514 1326 Benzoe‘s
536 1225 755 1354 pulveraria
779 1233 1013 1322 drachmam
1025 1269 1166 1323 unam.

272 1391 372 1466 Dein
390 1392 431 1466 in
451 1415 610 1467 massam
630 1385 904 1490 homogeneam
923 1387 1082 1465 redactis
1103 1385 1265 1467 admisce
1350 1383 1352 1388 ’

335 1527 432 1646 Opii
457 1535 644 1644 pulverati
666 1521 901 1612 drachmam
914 1523 1141 1642 dimidiam,

219 1693 265 1757 ut
285 1677 350 1756 fiat
376 1675 622 1785 emplastrum
649 1673 778 1753 colore
803 1676 1068 1782 lusco-nigro,
1101 1677 1245 1784 frigore
1270 1676 1448 1786 rigidum,

221 1801 326 1906 quod
344 1798 432 1878 loco
452 1797 591 1902 frigido
615 1823 734 1874 serva.

397 2029 828 2176 Emplastrum
881 2055 1273 2178 saponatum.

219 2233 278 2316 Il.
332 2229 551 2344 Emplastri
577 2227 802 2342 Lithargyri
825 2229 1018 2344 simplicis
1041 2229 1161 2316 libras
1177 2250 1271 2344 tres,

333 2359 456 2448 Cerae
478 2359 604 2444 flavae
627 2357 773 2444 libram
787 2359 1015 2446 dimidiam.
1084 2355 1089 2364 ’

268 2511 362 2586 Leni
383 2513 470 2614 igue
489 2505 642 2612 liquatis
663 2509 762 2584 inter
781 2510 1000 2614 agitandum
1017 2511 1112 2588 adde

331 2647 502 2766 Saponis
526 2645 732 2766 Hispanici
758 2657 945 2766 pulverati
973 2653 1109 2736 uncias
1125 2672 1219 2738 tres.

266 2801 370 2876 Tum
393 2793 675 2904 aliquantulum
693 2795 922 2903 refrigeratis
936 2799 1104 2902 'admisce

330 2938 596 3055 Camphorae‚
625 2952 665 3024 in
680 2935 993 3026 OleiOlivamm
1002 2939 1262 3026 Provincialis
1276 2949 1446 3059 pauxillo

778 3077 937 3171 solutae,
967 3074 1131 3158 unciam
1146 3069 1374 3160 dimidiam.

265 3219 351 3296 Fiat
377 3217 623 3324 emplastrum
638 3215 832 3310 albidum,
859 3245 940 3296 non
962 3218 1171 3315 lubricum,
1200 3249 1271 3302 nec
1296 3219 1443 3328 fragile,

214 3339 320 3446 quod
345 3340 444 3416 bene
467 3353 650 3418 servetur.

341 3594 777 3742 Emplastrum
829 3597 1335 3745 sulphuratum

455 3767 719 3869 (Emplaruum
744 3772 885 3867 m'grum
910 3769 1194 3874 sulplrwuuvu.)

213 3921 272 4006 Il.
326 3919 576 4038 Colophonii
599 3925 736 4010 uncias
751 3921 999 4012 octodecim.

262 4057 433 4163 Liqualie
454 4073 492 4138 et
512 4057 790 4168 aliquantulum
811 4063 1038 4192 reirigeratie
1058 4067 1227 4143 immisce
