3392 4742
732 373 935 489 (131)

219 599 329 662 antea
352 580 501 660 dilutas.
530 581 807 660 Bacillovitreo
829 585 976 689 saepius
989 570 1248 689 agitando'per
1267 583 1446 662 horreri·

219 706 314 809 giuti
326 717 493 807 quatuor
507 703 734 806 digerantur.
756 703 964 807 Liquorem
977 703 1126 780 acidum
1143 703 1340 793 decantha,
1357 705 1447 781 resi·
1508 767 1512 775 .

219 823 342 900 duum
362 825 529 927 exprime
550 837 587 898 et
609 815 706 924 aqua
727 821 909 900 destillata
929 821 1056 914 ablue,
1082 824 1202 900 donec
1225 821 1337 928 plane
1358 826 1448 900 insi·

217 941 307 1048 pida
326 941 479 1019 defluat..
512 943 698 1044 Liquores
717 939 814 1017 acidi
833 945 1027 1018 commixti
1046 955 1083 1018 et
1103 941 1215 1019 colati
1234 957 1320 1047 post
1336 970 1447 1047 repo·

219 1064 394 1140 sitionem
416 1087 487 1165 per
512 1058 658 1163 aliquot
682 1059 807 1150 horas,
835 1059 913 1136 leni
939 1063 1038 1163 igne,
1066 1065 1108 1136 in
1131 1087 1217 1138 vase
1239 1063 1360 1139 vitreo
1382 1077 1449 1138 aut

217 1178 472 1286 porcellaneo,
501 1173 697 1284 ad'syrupi
719 1181 902 1256 tenuioris
925 1179 1202 1284 spissitudinem
1226 1195 1445 1285 evaporent,

217 1312 302 1378 tum
321 1326 392 1404 per
417 1297 529 1375 horas
550 1299 866 1401 vigintiquatuor
887 1301 1039 1404 sepositi
1062 1299 1189 1376 denuo
1213 1297 1386 1376 colentur
1410 1315 1448 1376 et

217 1413 319 1493 lenta
342 1419 606 1522 evaporatione
626 1419 666 1491 in
689 1415 884 1522 crystallos
904 1419 1134 1521 redigantur,
1163 1446 1260 1522 quae
1278 1421 1446 1523 operatio

218 1549 411 1644 repetatur
434 1536 615 1638 quamdiu
637 1533 803 1640 crystalli
823 1550 879 1612 sat
899 1534 1003 1610 albae
1022 1537 1226 1640 prodeunt.
1268 1537 1445 1643 Crystalli

219 1681 350 1733 omnes
370 1653 548 1732 collectae
565 1669 608 1734 ,et
625 1653 724 1730 bene
746 1656 902 1732 siccatae
923 1667 1133 1731 serventur.

541 1858 771 1964 Aether
812 1861 1109 2000 eceticus.

660 2021 853 2124 (anktha
876 2023 1011 2120 Acen.)

218 2178 277 2260 R.
332 2173 445 2260 Natri
476 2176 617 2260 ecetici
648 2179 788 2258 blando
815 2181 939 2260 calore
968 2183 1140 2258 exsiccati
1174 2175 1311 2260 uncias
1337 2173 1443 2261 duo-

779 2301 929 2388 decim.

266 2455 314 2527 In
333 2465 513 2528 retortam
532 2454 689 2528 vitream
708 2452 880 2528 immissis
898 2441 1055 2526 affunde

331 2587 453 2674 Acidi
478 2589 698 2704 sulphurici
722 2587 838 2672 crudi
861 2590 999 2672 uncias
1026 2618 1093 2672 sex

198 2751 327 2814 entes
347 2751 454 2813 caute
474 2764 563 2812 cum

333 2873 505 2988 Spiritus
525 2873 622 2960 Vini
641 2873 890 2956 alcoholisati
908 2873 1036 2956 unciis
1058 2868 1200 2954 decem

218 3023 366 3098 mixtas.
411 3023 601 3100 Vesorum
627 3018 814 3122 juncturis
841 3019 962 3123 probe
995 3017 1128 3096 clausis
1155 3017 1219 3092 fiat
1244 3017 1440 3097 destillatio

75 3160 79 3169 ·
218 3139 295 3216 leni
325 3144 424 3244 igne.
484 3137 691 3243 Liquorem
722 3135 892 3215 elicitum
911 3139 1063 3215 residuo
1084 3137 1282 3214 reaffundc
1311 3153 1348 3216 et
1373 3143 1441 3216 ite·

218 3273 323 3362 ratae
346 3257 586 3336 destillationi
620 3257 784 3362 subjice,
817 3257 1000 3362 quamdiu
1032 3257 1158 3358 aether
1186 3259 1323 3384 prodit.
1377 3261 1440 3336 Li·

218 3381 332 3484 quori
350 3377 444 3456 adde
932 3413 935 3419 ¹
1319 3373 1325 3380 ’

333 3517 474 3632 Aquae
493 3517 719 3600 communis
801 3533 803 3539 '

334 3647 521 3764 Liquoris
539 3645 633 3730 Kali
648 3645 787 3728 acetici
805 3663 934 3759 partes
951 3645 1148 3759 aesprales',

220 3797 636 3898 quantum-utriusque
661 3793 869 3896 requiritur
891 3791 939 3865 ad
960 3790 1254 3895 promovendam
1280 3791 1438 3870 aetheria

219 3916 505 4018 separationem,
521 3941 636 4016 quern
647 3910 787 3987 blando
801 3909 925 3988 calore
938 3937 1052 4015 snper
1064 3912 1248 4012 magnesia
1261 3924 1344 3986 usta
1357 3911 1439 4017 pul·

219 4023 390 4136 vereque
397 4033 606 4110 carbonum
618 4031 779 4108 rectifica
798 4044 835 4106 ct
852 4033 892 4105 in
904 4033 999 4106 vasis
1013 4031 1154 4133 optime
1167 4027 1299 4108 clausis
1316 4057 1435 4108 serra.

1168 4149 1233 4225 Ra
