3352 4736
777 327 920 473 (186
961 362 1032 472 ).

269 574 399 679 Kali
424 573 816 678 muriaticum
840 595 1237 716 oxygenatum
1259 619 1327 671 seu
1349 609 1488 718 oxy-

268 739 656 844 muriaticum
675 786 742 836 seu
760 731 1092 841 chloricum
1117 731 1489 882 depuratum.

590 907 768 1006 (Chlorus
783 907 918 983 tuens
934 907 1161 1008 elepmctus.)

163 1063 170 1076 ’
258 1175 261 1184 .
322 1069 418 1155 Kali
435 1071 772 1182 oxymuriaticum
789 1069 928 1152 venale
952 1080 992 1153 in
1015 1068 1156 1184 Aquae
1171 1065 1390 1152 destillatae
1412 1075 1488 1152 fer·

231 1197 240 1216 '
266 1199 372 1276 vidae
385 1189 563 1304 partibus
581 1186 709 1271 tn’bus
726 1195 893 1275 solvatur
910 1211 947 1273 et
963 1198 1091 1302 liquor
1108 1195 1268 1274 filtratus
1286 1209 1488 1302 seponatur

271 1333 316 1394 ut
333 1317 496 1426 crystalli
517 1314 799 1424 squamularum
819 1319 935 1393 instar
951 1331 1185 1394 enascantur.
1214 1319 1483 1423 Operationem

265 1453 406 1544 repete,
427 1437 609 1542 quamdiu
627 1435 790 1543 crystalli
809 1439 1001 1526 oriuntur,
1025 1435 1132 1540 quas,
1162 1439 1190 1513 si
1210 1435 1303 1513 alias
1320 1433 1485 1544 crystalli

265 1557 378 1634 simul
396 1573 546 1634 exortae
570 1557 728 1645 fuerint,
756 1555 864 1659 elige,
893 1583 990 1661 aqua
1008 1555 1187 1632 destillata
1206 1555 1339 1662 frigida
1356 1555 1482 1647 ablue,

265 1680 362 1754 sicca
379 1694 416 1752 et
432 1705 550 1755 serva.
619 1691 627 1710 ⁸
1009 1731 1011 1735 -

213 1845 218 1854 -
313 1795 425 1898 Aqua
443 1793 622 1871 destillata
638 1792 807 1870 solutum
823 1795 949 1872 addito
966 1793 1116 1899 liquore
1131 1795 1275 1898 argenti
1286 1797 1409 1873 uitrici
1421 1799 1485 1874 vix

262 1914 452 1990 turbetur.

400 2196 540 2299 Kali
585 2197 898 2300 uitricum
942 2163 1340 2342 depuratum.

376 2359 539 2454 (Nasam
564 2358 789 2458 depuratum.
830 2360 959 2436 Nitras
984 2358 1368 2462 haltona-,depumtus.)

317 2525 412 2612 Kali
429 2530 622 2612 uitricum
641 2525 814 2612 crudum
840 2543 880 2616 in
902 2529 1044 2645 Aquae
1062 2535 1290 2618 communis
1316 2533 1479 2622 'servidas

261 2648 390 2766 duplo
416 2657 594 2735 solvatur.
634 2655 840 2735 Instillatur

373 2797 528 2913 Liquor
545 2795 640 2880 Itali
658 2796 876 2908 sarbonici,

259 2945 442 3050 quamdiu
467 2943 634 3022 solutum
657 2945 744 3020 inde
769 2945 959 3032 turbatur,
993 2959 1077 3054 tum
1101 2945 1228 3050 liquor
1254 2946 1416 3024 filnstur
1439 2965 1477 3028 et

260 3077 483 3168 seponatur,
517 3077 562 3140 ut
586 3061 753 3166 crystalli
780 3079 1032 3140 concrescant.
1072 3067 1218 3170 Liquor
1238 3067 1408 3146 residuus
1429 3069 1476 3145 ad

260 3181 456 3258 dimidium
482 3171 744 3286 eraporatione
769 3183 939 3260 redactus
967 3183 1092 3278 denuo
1117 3199 1340 3290 seponatur,
1377 3215 1475 3292 quaa

259 3303 427 3407 operatio
448 3301 646 3404 repetenda
665 3313 733 3390 est,
764 3303 945 3406 quamdiu
970 3301 1133 3412 crystalli
1159 3303 1233 3380 kali
1253 3309 1379 3385 uitrici
1401 3335 1473 3412 pn·

257 3447 320 3498 rae
333 3421 591 3498 inveniuntur.
620 3419 823 3526 Crystallos
838 3421 1012 3500 collectas
1028 3423 1125 3502 bene
1139 3427 1292 3504 siccatas
1309 3453 1423 3504 serra.

308 3539 367 3618 Sit
383 3543 423 3616 in
441 3537 625 3647 crystallis
641 3539 748 3630 albis,
769 3543 817 3618 ab
837 3547 1128 3648 inquinamentis
1147 3543 1354 3638 metallicis,
1375 3573 1472 3653 quae

258 3658 385 3738 colore
417 3673 454 3737 et
479 3689 576 3764 aqua
602 3657 959 3767 hydrosulphurata,
994 3693 1064 3742 nec
1088 3691 1167 3740 non
1192 3668 1341 3758 terreis,
1374 3695 1471 3772 qnae

88 3839 90 3844 ,
256 3781 297 3854 in
329 3776 517 3856 solutione
541 3779 665 3868 addito
686 3777 836 3882 liquore
866 3780 941 3858 lali
967 3783 1157 3862 carbonici
1181 3783 1468 3890 dignoscuntur,
1581 3871 1587 3882 ,

257 3899 412 3976 omnino
436 3897 614 3990 liberum,
640 3901 749 3976 sicuti
770 3899 845 3976 lali
865 3905 1052 3981 muriatici
1076 3903 1227 4010 liquore
1248 3911 1391 4012 argenti
1411 3911 1468 3984 ni·

256 4019 341 4094 trici
362 4016 614 4120 dignoscendi,
643 4035 828 4124 quantum
849 4021 929 4100 fieri
955 4037 1089 4128 potest,
1118 4053 1265 4130 expers.
