3428 4742
727 325 930 459 (iv)

214 605 399 703 excedat,
427 618 469 691 et
495 603 666 691 illorum
693 633 781 688 non
810 633 957 720 pauca,
986 609 1063 692 etsi
1090 609 1224 692 rarius
1249 610 1294 692 in
1316 635 1441 693 usum

210 805 427 890 vocantur,
449 793 604 877 omissa
625 804 767 876 tamen
789 788 1044 877 desiderium
1064 789 1243 876 aliorum
1257 787 1441 880 Medico-
1566 917 1569 924 ⁴

213 1009 309 1064 rum
334 981 521 1065 excitent.
562 975 650 1064 Nec
669 978 810 1061 minus
835 972 1003 1063 difficile
1026 989 1100 1074 est,
1123 977 1301 1064 modum
1323 921 1440 1096 prae-

214 1162 497 1281 parandorum
537 1159 866 1248 medicaminum
908 1165 1102 1250 scientiae
1145 1167 1358 1282 principiis
1399 1178 1440 1252 et

213 1354 314 1435 artis
342 1346 495 1468 regulis
524 1323 787 1448 conformem
814 1347 996 1446 tradere,
1024 1352 1080 1433 ita
1109 1363 1154 1434 ut
1177 1347 1302 1434 simul
1328 1381 1439 1436 com·

213 1539 444 1652 positiones
480 1532 742 1620 saeculorum
779 1537 1072 1648 experimentis
1104 1534 1302 1650 probatae
1337 1539 1440 1622 ints
1485 1511 1489 1518 ⁴

210 1751 308 1841 grae
337 1735 376 1807 et
404 1715 605 1830 sineulla
633 1721 866 1844 mutatione
901 1679 1207 1807 conserventur.

336 1903 445 1991 Cum
476 1934 576 1992 vero
612 1933 720 1988 nova
755 1903 1033 1990 medicamina
1069 1919 1110 1991 et
1143 1935 1276 1992 novae
1311 1905 1439 2036 medi·
1499 1925 1501 1930 ’

211 2093 423 2179 camirtum
446 2089 853 2206 ‘praeparandorum
891 2093 1075 2180 rationes
1123 2089 1310 2208 quotidie
1351 2087 1438 2192 sere

210 2281 491 2375 innotescant,
509 2227 513 2235 Ι
533 2275 623 2396 lege
661 2285 831 2364 cautum
865 2289 945 2375 est,
983 2291 1031 2364 ut
1057 2291 1155 2394 post
1182 2277 1342 2395 aliquot
1370 2308 1439 2367 an·

210 2495 291 2552 nos
317 2493 427 2552 nova
447 2457 814 2580 Pharmacopoeae
837 2459 1084 2554 Borussicae
1111 2468 1350 2552 instituatur
1377 2497 1440 2554 re·

211 2653 365 2740 censio
405 2645 742 2766 Quamobrem·
755 2623 971 2760 cuiReX
998 2667 1143 2738 noster
1172 2625 1440 2740 Potentis-
1491 2659 1503 2678 ⁸

211 2812 385 2926 Simus
412 2865 625 2924 summam
658 2840 719 2922 rei
753 2835 939 2924 medicae
973 2841 1019 2922 in
1049 2833 1117 2934 his
1145 2843 1267 2926 terris
1295 2863 1439 2928 curam

210 3021 371 3124 demite,
419 2998 524 3110 Vir
557 2995 950 3112 Nobilissimus
977 3021 1037 3114 et
1070 2995 1470 3116 Generosissi.

208 3226 354 3310 mus,
393 3207 532 3297 Lucan
552 3207 680 3297 Bnno
710 3206 843 3298 Smin
870 3233 926 3296 aa
952 3204 1251 3311 decanorum,
1278 3189 1439 3330 aliquot

207 3401 321 3485 viros
365 3401 464 3484 arti's
506 3397 691 3485 medicae
731 3411 771 3482 et
812 3399 1007 3484 scientiae.
1039 3397 1243 3486 naturalis
1280 3401 1437 3517 peritos

209 3583 261 3671 de
293 3613 402 3670 nova
441 3579 566 3670 hacce
598 3577 965 3700 Pharmacopoeae
991 3590 1245 3674 recensione·
1264 3585 1437 3672 consilia

96 3855 103 3866 ,
210 3767 400 3857 conferre
426 3770 556 3885 jussit
604 3765 790 3904 Fuerunt
812 3768 864 3854 ad
883 3765 966 3856 hoc
985 3776 1200 3892 negotium
1222 3777 1438 3860 convocati

77 3989 81 3998 ·
207 3955 458 4046 Medicinae¹
477 3951 685 4044 Doctores
733 3969 774 4042 et
824 3951 1188 4046 Pharmaceutaec'
1217 3955 1436 4060 Bmttus
1510 3935 1518 3948 ”
