3352 4736
790 285 993 402 (raa)

463 504 697 647 Liquor
724 493 918 604 stibii
955 503 1306 607 muriatici.
1389 629 1391 637 Ι

415 691 613 790 (Butyrum
641 692 850 764 Anumomt.
897 690 1034 794 LtiJuur
1058 689 1221 766 Chloreti
1241 692 1370 791 Su'bir'.)

258 851 338 946 Ji.
397 859 519 948 Stibii
539 859 705 974 oxydati
723 861 839 973 grisei
857 863 994 948 uncias
1013 859 1126 976 duas,

391 991 514 1078 Acidi
532 994 731 1078 muriatici
750 995 887 1079 uncias
908 1024 991 1080 sex.
1023 1029 1025 1034 ’

328 1159 462 1264 Coque
474 1157 551 1236 leni
565 1155 689 1262 calore
702 1161 741 1235 in
754 1157 952 1236 cucurbita
964 1163 1095 1248 vitrea,
1112 1157 1233 1235 donec
1246 1149 1386 1234 unciae
1401 1147 1501 1235 duaa

275 1282 571 1385 evaporaverint.
599 1281 758 1384 Liquori
782 1306 854 1384 ope
875 1277 966 1355 filtri
989 1309 1010 1354 a
1032 1277 1190 1384 pulvere
1211 1293 1426 1358 remanente
1446 1307 1500 1358 ae·

173 1491 177 1498 ¹
273 1415 406 1512 parata
433 1399 538 1490 adde,
568 1402 598 1476 si
622 1427 719 1505 opus
741 1397 873 1490 fuerit,

389 1557 530 1672 Aquae
550 1553 769 1642 destillatae
794 1529 981 1668 quantum
999 1567 1085 1640 satir

272 1737 318 1798 ut
338 1750 379 1826 p.
399 1748 500 1827 spec.
522 1725 955 1812 stt=1,³45-1,355.
991 1719 1111 1834 Caute
1131 1747 1236 1796 sarva
1255 1724 1295 1796 in
1316 1749 1401 1800 vare
1424 1727 1498 1827 epi·

273 1844 409 1918 atomio
431 1843 553 1918 vitreo
573 1841 671 1916 bene
692 1840 883 1915 obturato.

324 1961 383 2039 Sit
403 1961 597 2066 limpidus,
625 1957 843 2047 flavescens,
876 1985 994 2065 aquae
1016 1955 1218 2040 destillatae
1240 1987 1372 2063 magua
1393 1964 1498 2066 eopia

273 2083 412 2182 mixtus
432 2084 631 2186 copiosum
652 2079 829 2184 praebeat
850 2079 1137 2182 praecipitatum
1159 2077 1297 2156 album.
1458 2147 1462 2154 .

523 2455 837 2596 Magnesia
885 2445 1243 2554 carbunica.

299 2641 505 2740 (Magnesia
525 2641 617 2718 &lca
637 2645 763 2714 anmi.
799 2641 983 2714 Cataonas
1001 2645 1221 2738 magnericus
1237 2668 1318 2715 own
1331 2643 1473 2745 Aqua.)
1533 2663 1538 2670 '
1631 2705 1633 2736 ᾗ

272 2815 331 2896 R.
388 2811 614 2928 Magnesiae
628 2790 880 2926 sulphurieae
896 2807 1122 2925 depuratae,

386 2941 480 3026 Kaii
495 2941 700 3026 carbonici
714 2971 736 3026 e
751 2943 833 3026 cin.
851 2941 955 3026 clav.
976 2977 998 3022 a
1019 2963 1118 3025 terra
1138 2949 1262 3027 ailicea
1287 2949 1397 3026 liberi
1421 2954 1494 3028 ain·

490 3079 493 3086 ’
821 3076 1010 3180 ‘gulorum
1031 3067 1201 3154 eandem
1215 3073 1492 3186 quantitatem.

321 3235 527 3316 Solvuntur
548 3242 704 3317 seorsim
726 3237 790 3315 illa
810 3239 851 3315 iri
876 3229 1078 3343 sextup10‚
1109 3239 1184 3317 hoc
1206 3243 1245 3316 iu
1269 3229 1494 3346 qttadruplo

271 3347 413 3466 Aqt'me
427 3351 869 3468 communistferventis.
916 3357 1050 3437 Saluta
1072 3357 1208 3436 filtrata
1230 3365 1494 3438 commiscean-

270 3493 336 3556 tur
361 3492 475 3582 atque
502 3479 691 3582 agitentur
711 3478 884 3584 spathula
903 3477 1044 3583 lignea,
1078 3493 1162 3556 tum
1189 3487 1404 3584 coquantur
1427 3507 1494 3586 per

271 3598 404 3674 horam
417 3595 620 3688 dimidiam,
649 3585 768 3702 Aqua
782 3589 990 3671 communi
1006 3597 1148 3674 fervida
1167 3598 1361 3676 diluantur
1378 3613 1416 3676 et
1427 3627 1495 3704 per

271 3715 431 3794 linteum
453 3715 638 3794 colentur.
680 3717 797 3815 Quod
817 3719 858 3792 iu
877 3715 993 3794 linteo
1014 3735 1180 3794 remanet
1197 3718 1439 3798 edulcaretur
1458 3735 1493 3796 et

271 3835 347 3914 leni
367 3835 491 3914 calore
511 3841 684 3918 siccetur.
