3392 4742
739 351 760 466 (
792 348 884 438 ’123
924 351 944 464 )

220 559 405 668 quamdiu
431 571 581 638 acetum
607 557 830 667 limpidum,
866 559 1004 640 coloris
1031 589 1166 669 expers
1191 578 1229 642 et
1253 565 1301 641 ab
1327 593 1462 676 empy-

220 697 391 763 reumate
406 679 573 758 liberum
590 681 795 772 obtinetur.
836 683 884 758 In
902 685 997 760 vasis
1010 683 1108 762 bene
1134 683 1269 763 elauris
1289 713 1408 764 serva.
1504 709 1506 714 ·
1598 707 1600 712 ·

266 805 419 882 Unciae
431 814 504 880 tres
517 803 702 880 sufficiant
714 801 760 878 ad
771 801 1120 882 neuualisationem
1133 803 1333 885 drachmae
1345 793 1461 886 uriiue

222 921 299 1002 kali
320 924 513 1004 cerbonici
534 949 569 1000 e.
585 921 634 1001 T.
665 929 670 940 '

458 1183 739 1321 ,Acetum
780 1175 1197 1328 plumbicum.
1367 1231 1371 1244 ¹

330 1361 499 1462 (Acetum
515 1367 750 1438 saturninum.
788 1363 925 1466 Liquor
938 1354 1088 1440 Plumbr'
1097 1367 1223 1438 aeeu'ei
1234 1365 1353 1440 basr'ci.

400 1553 401 1556 ,
480 1527 485 1538 ,
548 1483 914 1586 LeiJuorSubaeetutri
933 1483 1130 1594 plumbici.)

583 1677 584 1684 ,
627 1619 722 1704 (Loco
735 1619 889 1683 Exti-acti
901 1619 1061 1724 Saturui.)

222 1755 283 1842 R.
337 1752 504 1840 Plumbi
521 1754 663 1840 auetici
682 1751 866 1872 depurati
887 1755 1025 1840 uncias
1044 1783 1127 1842 sex.

272 1903 392 1982 Miaee
418 1917 547 1980 exacte
573 1931 663 2014 curn
995 2012 1002 2018 ¹

339 2041 567 2156 Lithargyri
591 2049 763 2154 laevigati
788 2041 918 2128 unciis
940 2039 1085 2126 tribus.

274 2192 322 2268 In
344 2188 518 2298 lagenula
541 2191 659 2268 vitrea
685 2187 778 2264 adde

340 2329 482 2447 Aquae
501 2327 721 2455 destillatae
740 2329 876 2414 uncias
895 2327 1040 2446 viginti
1059 2349 1101 2414 et
1119 2357 1243 2414 unam

224 2495 263 2559 et
280 2507 437 2586 repone,
465 2475 530 2556 vas
551 2450 712 2556 subinde
734 2477 921 2581 agitando,
950 2479 1071 2556 donec
1093 2475 1200 2557 color
1221 2475 1340 2554 ruber
1363 2477 1460 2555 aedi·

224 2603 344 2679 menti
370 2599 481 2706 plane
507 2599 714 2676 evanuerit.
738 2599 857 2675 'Tum
883 2597 982 2674 filtra
1007 2611 1045 2675 et
1069 2597 1167 2674 bene
1193 2625 1312 2675 serva.
1438 2683 1440 2689 ,

277 2718 428 2800 Solutio
449 2721 592 2824 gummi
610 2721 790 2795 mimosae
811 2717 938 2798 addito
956 2717 1107 2824 liquore
1126 2715 1246 2796 hocce
1266 2717 1471 2796 turbetur..

154 2845 777 2947 ·P.rpee.=1,230-1,240.
952 2851 955 2858 ·

487 3057 747 3190 Acetum
793 3077 966 3198 Rubi·
1001 3076 1191 3188 Idaei.

223 3285 282 3370 R.
340 3281 560 3368 Baccarum
577 3283 788 3368 recentium
807 3279 918 3368 Rubi
940 3277 1052 3388 Idaei
1075 3279 1222 3366 libram
1245 3311 1383 3393 unam,

252 3477 259 3482 -
305 3414 458 3500 'Aeeti
487 3425 584 3502 cocti
613 3411 732 3498 libras
766 3409 880 3498 duas·

274 3529 427 3670 Sepoue
454 3567 498 3638 in
528 3589 614 3640 vaae
647 3563 768 3639 vitreo
802 3561 981 3638 obturato
1014 3558 1136 3638 donec
1166 3559 1296 3664 liquor
1332 3557 1460 3636 colore

135 3745 136 3748 ,
223 3685 369 3762 intense
403 3683 523 3760 rubro
554 3680 724 3760 imbutus
754 3680 886 3773 fuerit,
921 3679 1055 3757 deinde
1088 3677 1171 3757 cola
1203 3695 1241 3754 et
1270 3677 1460 3784 liquorem
1568 3677 1605 3758 -,’

226 3802 410 3881 filtratum
442 3806 484 3880 in
517 3801 658 3907 lagenis
689 3799 863 3907 repletis,
904 3799 1003 3878 bene
1031 3798 1184 3890 clausis,
1220 3826 1299 3876 non
1327 3799 1460 3905 amplis
1487 3842 1491 3852 ·

224 3950 344 4003 servu.
505 3953 508 3960 ·
689 3935 694 3950 '

152 4134 155 4142 ‚
276 4045 336 4123 Sit
359 4041 574 4150 limpidum.
670 4051 675 4056 “

1067 4157 1147 4254 Qr
