3372 4722
651 303 916 456 'tet

316 583 510 686 Pag.179.
564 555 1091 707 Hydrargyrum
1127 559 1447 668 m'uriati'ss

217 757 359 824 cum
396 721 563 826 mite.
605 741 663 819 Ad
683 741 798 819 finem
810 743 925 820 verba
949 773 988 849 p.
1009 753 1099 820 18οε
1128 745 1441 848 addendoaquam

215 880 270 956 eie
293 891 399 954 muta

213 1061 218 1072 .
341 991 511 1070 addendo
536 989 681 1096 liquori
706 985 845 1064 filtrato
871 1017 1020 1092 aquam.

313 1174 403 1272 Pag.
423 1173 508 1242 181.
549 1137 1439 1306 Hydrargyrumoxydulatum

215 1307 487 1447 nigrum.
530 1327 744 1406 Sicmutn:

193 1517 197 1525 -
266 1468 492 1565 (Mercurius
510 1463 666 1539 solubilis
678 1463 950 1539 IIalmemanm'.
987 1468 1117 1544 Nt'trac
1136 1472 1353 1541 ammonicus
1375 1470 1439 1538 tin·

213 1589 326 1659 mimo
359 1583 494 1684 Oxydo
518 1581 809 1681 hydrargyrt'co.)

183 1723 271 1806 Ἠ.
334 1719 520 1834 Liquoris
560 1713 807 1834 Hydrergyn'
841 1719 977 1804 uitrici
1018 1718 1228 1833 oxydulati
1270 1737 1439 1802 recenter

383 1847 502 1950 peleti

330 1967 472 2082 Aquae
502 1961 721 2048 destillatae
750 1967 988 2074 singulorum
1016 1966 1154 2050 uncias
1182 1987 1294 2051 octo·
1425 2003 1430 2010 ·

212 2096 339 2172 Mixtis
369 2091 507 2168 insulta
531 2093 630 2167 inter
663 2097 881 2182 continuam
907 2097 1146 2196 agitationem

326 2211 513 2326 Liquoris
541 2211 751 2296 Ammonii
780 2213 945 2296 caustici
971 2211 1134 2297 unciam
1163 2208 1374 2294 dimidiam

212 2357 319 2420 antee
345 2340 501 2416 dilutam

325 2459 466 2576 Aquae
498 2455 717 2542 destillatae
744 2459 880 2543 unciis·
907 2479 1095 2574 quatuor.

203 2591 470 2670 -Sedimentum
497 2585 752 2664 decantatione
787 2599 825 2662 et
850 2584 1051 2663 filtrntione
1083 2599 1295 2691 reparatum
1328 2587 1438 2688 Aqua

211 2707 391 2786 destillate
417 2703 542 2794 ablue,
571 2709 669 2780 inter
681 2703 847 2779 chartam
859 2730 1000 2807 preme,
1018 2703 1094 2780 leni
1114 2703 1238 2781 calere
1251 2703 1337 2781 loco
1358 2731 1440 2780 um·

209 2827 325 2905 broso
347 2829 444 2903 sicca
462 2837 500 2898 et
520 2827 650 2898 tritum
672 2825 712 2896 in
725 2825 820 2898 vasis
842 2821 1026 2898 obturetis
1039 2821 1315 2926 denigratisque
1329 2833 1450 2898 caute·

210 2943 419 3024 secundum
443 2939 543 3044 leges
567 2965 684 3016 serva.

141 3073 145 3086 ”
260 3063 320 3142 Sit
344 3075 416 3138 etc.
446 3087 486 3163 p.
511 3064 595 3132 182.
693 3075 699 3080 ·

267 3299 269 3304 -
311 3265 401 3362 rag.
421 3261 506 3332 185.
561 3263 651 3334 Post
678 3230 806 3334 Kali
842 3235 1182 3337 causticum
1209 3220 1436 3339 siccum

208 3405 331 3455 Insere

309 3515 450 3621 Kali
490 3489 1001 3659 hydroiodicum.
1062 3569 1100 3614 v.
1128 3544 1319 3646 pagum.

308 3759 505 3858 Pag.188.
558 3727 700 3834 Kali
738 3733 1135 3836 tartaricum.
1181 3753 1434 3830 verbmrru

209 3891 391 3963 humorem
414 3892 521 3986 suerin
547 3891 730 3964 attrahens
755 3917 930 3996 expunge
956 3907 993 3970 et
1023 3896 1162 3998 p.189.
1197 3887 1284 3968 loco
1305 3889 1434 3996 verbe

207 4034 314 4084 rum:
350 4009 485 4112 diluere
508 4015 594 4082 auri
613 4013 790 4084 murruu'cr'
812 4037 893 4114 rep.
