3352 4736
708 325 911 446 (ers)

236 553 530 656 Tinctura
578 544 883 648 Corticum
928 539 1380 644 Aurantiorum.

197 769 255 852 R.
312 761 525 854 corticum
550 757 772 844 Pomorum
790 754 975 841 Aurantii
999 774 1143 867 sparte
1153 761 1323 836 interiori
1336 759 1420 838 alba

616 969 621 976 .
708 893 988 971 mundatorum¹
1004 884 1141 966 uncias
1165 882 1363 998 qtrinque.

250 1041 429 1120 Minutim
449 1035 608 1114 concisis
624 1031 774 1110 affunde

313 1177 486 1294 Spiritus
501 1173 598 1262 Vini
617 1169 765 1258 Gallici
785 1168 959 1252 fortioris
977 1164 1097 1252 libras
1116 1161 1238 1267 dues.⁴
1397 1141 1402 1152 ¹

90 1359 97 1366 ·
249 1331 403 1406 Peracta
419 1322 623 1426 digestione
640 1343 710 1422 per
735 1303 820 1390 dies
835 1323 1009 1422 quatuor
1034 1313 1201 1418 exprime
1216 1326 1254 1390 et
1270 1307 1381 1390 filtru.

252 1464 312 1543 Sit
330 1459 467 1540 coloris
484 1456 741 1535 fusccsccntis.

312 1771 625 1872 Tinctura
666 1757 963 1906 Digitalis
1004 1755 1310 1863 aetherea.
1468 1759 1471 1766 '

203 1995 262 2078 R.
318 1989 476 2076 Herbec
502 1983 683 2096 Digitalis
708 1991 886 2064 minutim
903 1989 1073 2064 concisae
1101 1979 1264 2061 unciam
1285 2005 1423 2088 unam,

320 2120 493 2234 Spiritus
515 2109 953 2230 sulphurico·aetherei
974 2109 1113 2192 uncias
1132 2127 1245 2192 octo.

255 2271 405 2347 Macen
416 2292 486 2371 per
501 2247 685 2338 triduum
703 2261 745 2330 in
755 2257 855 2332 vitro
868 2221 1060 2348 obturato,
1080 2255 1226 2358 saepius
1238 2252 1425 2359 agitando,

205 2405 251 2469 ut
273 2389 337 2466 fist
358 2389 536 2472 tinctura,
565 2403 664 2482 quae
687 2363 945 2452 decauthetur.

258 2507 317 2586 Sit
337 2503 474 2584 coloris
494 2498 624 2580 viridis
643 2521 781 2602 parum
800 2491 1055 2570 fuseescentis.

213 2894 218 2902 -
331 2831 644 2933 tinctura
686 2815 982 2959 signaris
1024 2767 1306 2958 simplex)

210 3058 270 3140 R.
324 3023 481 3137 Heibae
499 3041 682 3157 Digitalis
704 3048 882 3124 minutim
899 3045 1070 3121 concisae
1095 3037 1232 3122 uncias
1251 3031 1364 3146 duas,

327 3180 499 3296 Spiritus
515 3176 612 3266 Vini
633 3164 952 3258 rectificatissimi
970 3167 1106 3251 uncias
1126 3187 1238 3278 octo,

242 3355 244 3362 ·
308 3313 470 3426 ,Aquae
489 3305 709 3392 destillstae
729 3300 866 3384 uncias
885 3317 1073 3412 quatuor.

265 3463 402 3564 Digere
422 3455 499 3532 leni
522 3451 646 3531 calore
665 3475 732 3554 per
758 3435 842 3520 dies
856 3455 1044 3550 mutuor,
1077 3445 1245 3549 exprime
1262 3458 1299 3518 et
1320 3440 1430 3519 filtra.

268 3581 326 3660 Sit
346 3575 484 3658 coloris
503 3569 632 3650 viridis
651 3593 787 3675 parum
808 3563 921 3642 fusci.
1232 3557 1234 3562 ’

267 3715 412 3793 Eodem
428 3711 542 3790 modo
557 3719 731 3816 paretur:
790 3689 814 3712 ⁵

220 3859 512 3961 Tinctum
547 3845 926 3994 HyOSCyami,
974 3861 1111 3942 coloris
1130 3857 1272 3937 viridis.

1190 3999 1238 4073 Ii
