3352 4736
697 357 902 478 (229)

236 573 381 652 Eodem
398 573 512 650 modo
530 573 739 679 depuretur
758 587 796 652 et
813 589 1002 653 servetur:

186 707 398 809 Succos
435 709 732 809 Baccarum
770 701 1034 811 Sambuci
1080 709 1412 854 inspissatus
1513 723 1518 733 “

542 847 871 996 depuratus,
887 877 1412 979 (RoobSambucidcpuratwn,)

542 1021 564 1070 e
599 1022 714 1072 succo
756 997 959 1072 baccarum
996 994 1174 1072 Sambuci
1216 999 1411 1100 inspissato

541 1113 674 1204 crudo,
702 1113 872 1191 addendo
898 1103 1139 1190 sedecimam
1164 1128 1310 1218 partem
1325 1105 1412 1194 Sae-

542 1223 649 1307 chari
663 1221 745 1306 albi
759 1233 960 1338 pulverati‚
983 1236 1050 1338 qui
1073 1235 1121 1310 sit
1140 1231 1267 1310 colore
1287 1238 1408 1338 nigre,

541 1355 582 1428 in
613 1380 711 1456 aqua
736 1351 925 1432 solutione
949 1352 1104 1458 limpida
1136 1380 1158 1428 e
1181 1355 1412 1456 nigrescente

542 1471 651 1548 fusca
677 1471 866 1562 solubilis,
894 1487 1063 1548 ceterum
1082 1470 1219 1548 indolis
1236 1477 1339 1550 succi
1361 1477 1413 1548 in·

545 1593 689 1695 spissati
707 1592 827 1668 crudi.

186 1799 410 1901 Succus
468 1795 896 1942 Glyeyrrhizae
934 1845 1002 1896 seu
1058 1799 1412 1943 Liquiritiae

625 1957 967 2104 depuratus

243 2147 399 2236 Succus
415 2145 703 2258 Glycyrrhizae
718 2141 883 2254 cruduS‚
905 2157 945 2228 in
958 2151 1122 2230 frustula
1136 2155 1321 2247 discissus,
1341 2185 1413 2234 ma·
1503 2247 1506 2260 .

187 2291 336 2354 seretur
353 2280 393 2350 iu
410 2266 528 2382 Aqua
544 2265 770 2377 communi,
804 2289 849 2348 ut
881 2271 1043 2350 solubile
1076 2271 1256 2351 solvatur.
1306 2273 1414 2352 Solu·

186 2411 283 2488 tum,
298 2423 368 2501 per
384 2423 554 2501 pannum
565 2393 718 2472 laneum
730 2393 910 2486 colatum,
925 2395 1048 2498 primo
1060 2391 1137 2469 leni
1150 2397 1249 2497 igne,
1263 2395 1413 2472 tandem

186 2520 226 2592 in
241 2511 547 2622 balneo‘raporis
564 2515 611 2590 ed
629 2515 785 2591 extracti
803 2512 1023 2596 densitatem
1040 2516 1272 2620 inspissetur.
1301 2515 1411 2593 Tunc

185 2635 381 2714 residuum
406 2633 493 2712 loco
514 2635 634 2712 calido
653 2638 834 2712 siccatum
853 2637 894 2708 in
912 2631 1109 2738 pulverem
1132 2633 1272 2738 redige,
1297 2662 1412 2737 quem

186 2755 274 2834 loco
298 2758 398 2834 sicco
425 2779 544 2830 serva.
620 2751 622 2756 ’

283 2945 521 3046 Succos
563 2943 864 3086 Juniperi
909 2943 1307 3086 inspissatus.

631 3105 745 3203 (Roob
769 3105 966 3204 Juniperi.)

243 3230 390 3316 Baccae
403 3229 428 3316 J
431 3232 587 3345 uniperi
607 3253 776 3315 maturae
794 3253 964 3315 recenter
984 3237 1162 3316 collectae
1180 3255 1218 3317 ct
1234 3253 1410 3318 contusae

188 3373 402 3464 coquantur
419 3350 595 3464 equua
615 3349 825 3431 communi
843 3359 963 3434 donec
974 3355 1212 3451 mollescant3
1233 3375 1317 3436 tum
1329 3385 1409 3435 mo·

187 3479 268 3557 dice
281 3481 553 3584 exprimantur.
577 3477 724 3580 Liquor
736 3505 946 3582 expressus,
961 3477 1188 3556 subsidendo
1202 3492 1240 3554 et
1252 3475 1409 3554 colando

186 3601 404 3704 depuratus,
426 3597 549 3702 primo
567 3594 643 3672 leni
665 3594 802 3688 calore,
825 3597 958 3674 deinde
978 3601 1018 3674 in
1036 3597 1173 3674 balneo
1192 3599 1342 3700 reperis
1364 3598 1410 3672 ad

35 3723 41 3732 '
185 3721 316 3825 syrupi
343 3719 528 3822 spissioris
555 3719 832 3794 consistentiam
856 3719 1088 3825 inspissetur.
1125 3719 1171 3792 In
1192 3717 1288 3794 rasis
1312 3717 1423 3792 bene·

186 3838 370 3915 obturetis
388 3836 475 3914 loco
494 3835 633 3942 frigido
653 3865 772 3914 serva.

237 3957 295 4034 Sit
313 3985 334 4032 c
352 3961 586 4059 nigrescente
603 3957 748 4048 fuscus,
771 3959 811 4033 in
829 3987 925 4062 aqua
940 3956 1128 4034 solutione
1140 3955 1290 4031 turbida
1303 3955 1409 4033 fusca

185 4075 371 4167 solubilis,
393 4077 441 4152 ab
455 4091 739 4182 empyreumcte
748 4075 861 4154 liber.
