3392 4742
685 317 923 482 'tur
1035 342 1171 406 ·'

326 603 397 680 pro
416 577 671 678 inquinatum,
692 575 798 680 quod
816 575 968 682 liquore
988 581 1166 656 ammonii
1187 582 1355 672 caustici,
1377 608 1447 660 nec
1552 663 1553 666 ,
1686 645 1687 664 ,

324 695 519 786 lateribus,
549 697 654 800 quod
679 697 775 774 tubo
800 697 1109 775 ferruminatorio
1135 699 1364 806 exploratur.

227 879 421 972 Morus.
453 865 697 968 Fructus.
756 885 1052 970 Maulbeeren.

283 1033 438 1120 Morus
464 1040 588 1148 nigra
614 1031 747 1118 Llnn.
806 1047 926 1119 Arbor
949 1049 987 1116 in
1011 1046 1164 1145 Europa
1188 1045 1291 1120 culm·
1309 1073 1331 1118 c
1355 1048 1447 1121 Pes
1687 1007 1688 1032 l

283 1171 338 1238 sia
361 1165 526 1266 oriundo.
1552 1175 1557 1188 ’

377 1305 540 1380 Fructus
566 1314 733 1378 recentes
757 1302 920 1388 baccati,
948 1300 1062 1378 bacca
1080 1303 1305 1406 composita,
1332 1303 1446 1406 nigri,

327 1449 442 1501 succo
468 1436 745 1526 atropurpureo
772 1419 875 1496 dulci
899 1419 1046 1526 repleti.
1248 1437 1252 1442 '

227 1647 492 1755 Moschus
538 1651 701 1734 Biscm.
747 1585 964 1733 Moschus.

480 1844 653 1920 Folla'culi
675 1833 841 1918 Mosctt
869 1829 1105 1948 moschifht
1127 1831 1279 1944 Lino„
1311 1850 1447 1919 amina-

479 1965 523 2037 lt's
547 1965 681 2064 alfrium
703 1969 814 2038 Asrbe
840 1965 991 2062 mediae,
1016 1991 1127 2066 prope
1148 1967 1317 2066 genitalzb
1342 1969 1448 2038 ntara's

477 2088 596 2182 posr'ti,
625 2087 755 2156 siccati.

261 2289 265 2296 ·
379 2255 594 2332 Substantia
628 2253 816 2344 animalis,
854 2269 1059 2346 unctuosa,
1096 2256 1252 2359 granula
1283 2257 1448 2335 referens

329 2405 350 2453 e
370 2375 481 2452 fusco
501 2377 733 2478 nigricantis,
762 2379 850 2451 trita
871 2379 910 2450 in
931 2389 1089 2452 stratum
1108 2390 1222 2454 tenue
1242 2391 1447 2455 extenuan-

330 2497 441 2586 dum,
469 2493 672 2570 hincinde
698 2499 850 2600 punctis
873 2495 1117 2604 micantibus,
1146 2501 1289 2603 saporis
1316 2501 1473 2574 amari.

331 2618 466 2704 cantis,
503 2614 628 2691 odoris
654 2613 872 2718 peculiaris,
905 2615 1207 2718 fragrantissimi,
1239 2618 1306 2692 diu
1331 2621 1448 2722 persi-

330 2737 477 2824 stentis,
513 2747 652 2810 secreta
684 2737 724 2808 in
758 2749 938 2812 contextu
970 2733 1151 2812 celluloso
1180 2733 1343 2812 folliculi
1368 2737 1447 2840 glo·

329 2857 427 2944 bosi,
447 2853 561 2929 altera
580 2867 685 2956 parte
704 2859 876 2946 convexi,
899 2855 1014 2931 altera
1032 2857 1200 2946 concavi,
1218 2855 1304 2961 pilis
1320 2855 1445 2946 obsiti,
1503 2949 1505 2956 Ι

330 3001 439 3080 saepe
465 2974 584 3050 ductu
609 2976 818 3049 excretorio
844 2975 1017 3078 praediti.

379 3093 581 3197 Eligendus
608 3109 664 3170 est
682 3093 865 3171 Moschus
883 3095 1178 3199 Tunquinensis,
1207 3079 1231 3171 e*
1247 3121 1364 3198 regno
1381 3097 1447 3172 Ti-

328 3219 467 3292 betano
494 3229 532 3291 et
557 3215 736 3297 Cbinensi
759 3211 911 3302 allatus,
940 3214 1049 3317 cujus
1074 3213 1237 3292 folliculi
1261 3219 1447 3320 magnitu-

330 3335 417 3412 dine
442 3337 504 3412 ovi
531 3333 723 3437 gallinacei
750 3348 788 3410 et
812 3335 978 3424 minore,
1014 3347 1122 3410 extus
1143 3333 1230 3439 pilis
1255 3335 1445 3427 brevibus,
1514 3413 1515 3418 ,
1587 3399 1598 3424 ,

329 3455 471 3559 rigidis,
499 3453 725 3560 plerumque
750 3453 953 3544 subfuscie,
983 3453 1108 3540 obsiti,
1137 3457 1239 3531 intus
1263 3453 1447 3532 membra·

329 3575 422 3652 nula
447 3575 555 3652 fusca
581 3589 709 3651 tenera
733 3578 869 3652 restiti.
918 3572 1031 3651 Plane
1055 3573 1245 3676 rejiciatur
1270 3573 1448 3653 moschus

331 3695 600 3774 Cabardinicus
622 3698 662 3770 in
682 3693 862 3772 folliculis
880 3693 1085 3795 majoribus
1101 3692 1284 3783 inclusus,
1304 3699 1446 3800 magni·

333 3817 502 3892 tudinem
535 3817 597 3892 ovi
631 3813 822 3918 gallinacei
855 3815 1138 3919 superantibus,
1179 3840 1327 3920 semper
1360 3815 1446 3922 pilis

331 3935 566 4039 longioribus
590 3934 864 4013 albo-cinereis
890 3935 1038 4024 obsitis,
1069 3959 1140 4009 nec
1164 3959 1244 4011 non
1268 3935 1446 4014 moschus

331 4081 379 4132 ex
402 4059 532 4135 vesicis
557 4056 698 4145 dictus,
725 4053 905 4134 folliculis
930 4067 1113 4132 exemtus.
