3352 4736
627 287 629 292 ’
731 315 934 433 (227)
1061 259 1067 270 ’

266 531 468 608 Pulverata
494 543 532 606 et
556 532 674 606 mixta
703 527 920 632 injiciantur
945 531 985 604 in
1012 527 1254 606 crucibulum
1279 525 1447 634 amplum

219 652 394 754 eandem.
434 652 685 727 Detonatione
705 661 855 754 peracta
872 675 989 726 massa
1011 675 1081 753 per
1102 641 1342 722 semihoram
1359 673 1447 723 oan-
1502 677 1504 685 ·

216 772 355 861 desunt,
383 783 513 876 postea
536 768 723 846 cochleari
745 769 870 847 ferreo
895 771 1093 859 eximatur,
1122 781 1160 843 et
1179 767 1303 844 adhuc
1329 763 1446 844 calida

213 881 355 996 Aquae
376 877 595 964 destillatae
623 889 860 964 infundatur.
909 889 1011 963 Tum

326 1041 506 1128 Acidum
530 1042 810 1154 sulphuricum
837 1038 1012 1124 dilutum

212 1203 366 1296 instilla,
389 1203 510 1280 donec
529 1203 604 1279 hoc
623 1201 903 1305 aliquantulum
918 1199 1141 1306 praevaleat.
1170 1201 1338 1276 Tandem
1351 1198 1444 1276 aedi-
1492 1253 1498 1270 .

211 1303 383 1398 mentdm
403 1321 634 1413 elutriatum,
657 1311 916 1400 edrsscoratum
936 1335 974 1398 et
986 1324 1167 1400 siccatum
1186 1323 1226 1394 in
1246 1317 1444 1424 pulverem

214 1439 503 1520 subtilissimum
521 1441 725 1543 redigatur.
1407 1444 1411 1452 '

264 1560 324 1637 Sit
348 1559 474 1664 pulvis
500 1558 724 1650 albissimus,
762 1560 905 1663 absque
937 1558 1054 1635 odore
1086 1571 1124 1634 et
1154 1585 1302 1664 sapore,
1340 1571 1378 1636 et
1403 1561 1444 1636 in

212 1693 316 1756 aceto
343 1676 526 1755 destilla'to
554 1705 632 1756 non
659 1677 843 1756 solubilis.

310 2027 594 2136 stibium
644 2029 991 2176 oxydatum
1040 2035 1337 2173 griseum.
1390 2017 1393 2025 ¹

616 2203 813 2304 (Oxydum
839 2203 1029 2302 stibr'eum.)
1158 2255 1163 2265 .

212 2376 270 2458 Il.
330 2375 453 2463 Stibii
478 2376 629 2462 venalis
654 2383 825 2494 laeaigati
848 2362 1194 2490 uncias'quatuor,

325 2503 447 2589 Acidi
470 2509 604 2590 nitrici
626 2508 763 2590 uncias
787 2527 898 2617 octo,

326 2635 466 2751 Aquae
486 2635 706 2722 destillatae
728 2639 865 2720 uncias
889 2637 1051 2747 triginta
1077 2632 1190 2718 duas.

258 2797 377 2872 Mixto
396 2797 523 2900 digere
541 2801 581 2872 in
600 2797 798 2875 cucurbita
809 2801 926 2874 vitrea
945 2795 1069 2872 calore
1086 2797 1256 2870 65-60Ο
1272 2825 1335 2872 vas
1348 2797 1438 2872 sub·
1561 2853 1564 2867 .

208 2915 295 2992 inde
308 2917 482 3019 agitando
500 2943 567 3020 per
580 2907 696 2990 horas
714 2902 813 2990 duas
830 2914 1031 2991 autdonec
1044 2911 1213 2991 evolutio
1231 2917 1324 3018 gasia
1342 2915 1437 2993 acidi

134 3107 138 3115 ,
207 3038 339 3112 nitrosi
363 3035 517 3112 desinat.
555 3035 726 3138 Liquore
746 3034 968 3120 decantbato
988 3033 1183 3112 residuum
1203 3037 1326 3140 primo
1348 3062 1438 3114 cum

286 3173 440 3302 'Aqua
464 3185 663 3272 destillata
769 3251 773 3262 .
874 3193 878 3202 '

207 3331 398 3424 edulcora,
427 3335 514 3408 dein
539 3361 629 3410 cum

320 3447 434 3572 Natri
458 3485 663 3568 carbonici
686 3483 802 3570 erudi
825 3489 943 3570 uncia
972 3485 1140 3572 dimidia
1252 3595 1257 3606 η

206 3611 244 3674 et
322 3699 463 3816 Aquae
483 3697 703 3784 destillans
729 3709 936 3812 quantitate
954 3713 1157 3788 sufficiente

206 3891 275 3968 per
295 3855 537 3938 semihoram
551 3865 738 3967 decoque.
785 3863 954 3939 Tandem
975 3855 1094 3968 Aqua
1111 3851 1307 3939 destillau
1326 3865 1432 3943 ablu-

208 3997 291 4062 tum
303 3987 401 4060 sicca
414 3997 452 4060 et
466 3997 574 4060 caute
593 4009 711 4059 serva

1131 4103 1195 4178 Fr
1211 4129 1227 4177 a
