3392 4742
775 309 810 438 .(¹
836 304 892 398 ⁸5
932 307 951 421 )

252 517 471 624 Ononis.
502 515 683 608 Radix.
737 468 1154 638 Haalzechabianel.

313 707 475 792 Omnis
488 714 658 821 spinosa
666 702 800 790 Lina.
811 715 958 818 ‚Planta
968 719 1134 814 perennis
1146 714 1198 788 ad
1204 719 1284 788 atas
1284 717 1473 820 frequens.

403 875 528 953 Radix
547 874 672 979 longa,
701 877 863 952 crassitie
884 873 989 978 digiti
1009 876 1165 952 minoris
1186 872 1356 964 stultia,
1384 874 1474 951 sub-

352 995 511 1100 lignoaa,
539 1010 647 1072 extus
671 996 801 1098 grisea,
830 997 933 1071 intus
954 995 1181 1085 luscescens,
1209 1007 1337 1086 tenax,
1365 1021 1473 1099 sapo-

353 1121 405 1194 ris
423 1117 618 1194 subactis·
644 1113 985 1218 Colligendavere.
1110 1159 1115 1171 ·

251 1345 291 1454 Ο
300 1349 458 1464 pium.
511 1349 687 1464 Opiane.
736 1345 977 1465 Moltnscy‘t.

505 1545 668 1618 Paratur
692 1569 712 1616 e
739 1543 892 1644 capsulas
918 1547 1112 1618 znznratun's
1140 1531 1375 1650 Papaveris
1406 1559 1474 1618 so·

506 1651 680 1769 mnt'seri
697 1651 850 1762 Lina„
876 1663 1024 1766 plantae
1042 1689 1187 1738 annuae
1211 1670 1249 1739 in
1271 1667 1414 1741 Oriente
1439 1683 1475 1739 et

502 1790 669 1884 Aegypto
694 1785 756 1860 cul
815 1840 847 1870 .,

402 1957 624 2032 Extractum
642 1959 802 2060 spissum
821 1958 861 2030 in
879 1953 996 2058 glebis
1014 1973 1080 2032 aut
1094 1955 1288 2061 placentis,
1304 1956 1471 2050 luscum,

354 2079 530 2180 opacirm,
559 2103 695 2179 parram
713 2077 849 2164 nitens,
875 2089 999 2166 tenax,
1027 2079 1129 2164 intus
1148 2076 1302 2154 mollius
1323 2093 1361 2154 et
1380 2079 1474 2182 digi-

352 2198 400 2272 tis
418 2195 635 2283 adhaerens,
658 2199 837 2270 siccatum
853 2197 987 2272 tritura
1004 2196 1159 2282 ssavum,
1183 2200 1324 2302 saporis
1342 2201 1471 2291 amari,
1522 2187 1527 2199 ’

353 2316 480 2394 odoris
499 2319 685 2406 nauseosi,
708 2318 749 2388 in
766 2343 864 2418 aqua
884 2312 1015 2418 majori
1037 2311 1089 2392 ex'
1106 2331 1212 2422 parte
1232 2315 1395 2394 solubile
1412 2347 1474 2396 so·

349 2433 499 2542 lutione
511 2433 680 2541 limpida,
698 2435 901 2512 seminibus
915 2449 952 2512 et
965 2433 1067 2513 foliis
1080 2435 1249 2514 Rumicis
1263 2441 1474 2543 saepissime

353 2557 534 2642 cinctum,
559 2555 667 2632 valde
687 2583 933 2632 venenosum.
983 2555 1084 2633 Cave
1103 2584 1152 2631 ne
1172 2556 1317 2662 Opium
1339 2585 1474 2662 corpo·

352 2675 459 2751 ribus
473 2675 728 2782 heterogeneis
737 2679 851 2754 nimis
864 2679 1027 2754 mixtum
1040 2679 1100 2758 sit.
1129 2673 1249 2752 Caute
1264 2678 1474 2767 secundum

351 2793 450 2899 leges
471 2820 589 2871 serva.
974 2791 979 2798 ’

402 2919 509 2990 Dosa
533 2915 586 2990 ad
609 2921 771 2994 Granum
798 2943 923 2993 anam.

238 3099 511 3213 ‚Origanum
534 3104 787 3187 creticum.
812 3101 984 3196 Herba.
1015 3101 1470 3222 SpanisclserHopscn.
1505 3035 1512 3044 ί

312 3250 552 3368 Oraganttm
569 3262 766 3338 arcticum
779 3251 914 3336 Lina.
954 3263 1091 3337 Planta
1105 3269 1274 3365 perennis
1292 3269 1330 3338 in
1349 3265 1474 3338 ansulis

311 3383 543 3484 Amlubelagi
563 3401 771 3484 spontarnea.
915 3381 925 3394 ”

402 3519 536 3622 Spicae
554 3517 753 3622 oblongae,
770 3524 850 3596 l-5
864 3517 932 3596 lin.
948 3519 1095 3624 longae,
1117 3533 1346 3624 tetragonae,
1363 3518 1473 3598 brac·

351 3641 420 3714 teis
438 3639 641 3720 imbricatis
662 3621 1037 3733 rotundato-acutis,
1061 3641 1219 3742 scabris,
1241 3639 1327 3745 pilis
1347 3639 1473 3717 brevi-

352 3756 427 3833 bus
447 3757 610 3850 ciliane,
640 3759 790 3836 eriridi
810 3760 1030 3850 subfuscae,
1053 3764 1195 3867 saporis
1214 3762 1308 3836 acris
1328 3787 1473 3838 aroma·

352 3879 432 3968 tici,
460 3881 653 3984 stipitibus
673 3907 744 3958 nec
764 3906 843 3960 non
863 3883 974 3986 spicis
994 3879 1152 3958 aliarum
1172 3881 1316 3986 origani
1332 3885 1473 3987 specie-

352 4023 445 4073 rum
464 4001 616 4076 mixtae.
634 4036 635 4040 ¹
663 4049 674 4076 -.
