3428 4742
777 347 952 466 (50)

141 650 148 665 ,
251 565 409 652 Filii.
443 493 625 652 Radix.
685 560 1128 648 Farrnkmntwurzel.

306 754 541 873 Aspidium
570 752 696 836 Filio
725 775 819 834 mas
844 749 1021 841 Swaru.
1062 763 1112 836 In
1138 761 1248 862 sylves
1267 764 1482 838 &summias

299 889 493 994 frequens.
1094 935 1096 940 -

403 1051 527 1128 Radix
557 1049 766 1151 (rhizomu)
796 1075 951 1152 magna,
993 1047 1151 1126 residuis
1183 1046 1414 1155 petiolorum
1445 1066 1483 1128 et

352 1175 517 1276 squamis
548 1170 707 1276 palescis
740 1181 904 1260 comata,
942 1195 1070 1246 recens
1102 1185 1211 1248 extus
1242 1171 1479 1276 asro-fusca,

352 1297 454 1368 intus
480 1291 618 1397 pallide
642 1294 829 1369 virescens
855 1317 1030 1378 carnosa,
1064 1293 1162 1368 sicca
1192 1305 1300 1368 extus
1323 1319 1344 1368 c
1369 1285 1480 1374 fusco

352 1414 467 1489 rubra
493 1416 595 1489 intus
622 1440 643 1489 e
670 1412 895 1490 rubescente
922 1409 1024 1500 alba,
1054 1439 1187 1516 sapore
1213 1439 1235 1488 e
1260 1409 1364 1490 dulci
1390 1413 1481 1492 sub·

354 1535 596 1624 amaricante,
633 1534 751 1612 odore
777 1533 1047 1611 subnauseoso.
1101 1533 1191 1610 Non
1225 1547 1481 1614 commutetur

353 1681 442 1731 eum
480 1653 605 1731 radice
642 1655 786 1760 Aspidii
827 1651 936 1731 filicis
973 1653 1161 1732 foeminae
1199 1669 1237 1732 et
1274 1654 1478 1760 spinulosi,
1510 1701 1514 1714 ·

350 1803 448 1881 quae
481 1779 609 1852 minus
642 1803 819 1852 carnosae
854 1789 892 1851 et
931 1772 1068 1853 coloris
1107 1776 1337 1854 obscurioris
1374 1793 1477 1856 sunt.

351 1896 413 1972 Ad
439 1896 647 2002 parandum
673 1895 869 2001 pulverem
895 1895 1000 1971 radix
1028 1923 1157 1984 reeens
1179 1895 1278 1972 hene
1300 1897 1479 2002 degluba-

353 2031 436 2128 μιν,
479 2031 588 2095 caute
618 2022 778 2095 siccetur
809 2031 847 2092 et
877 2015 1003 2122 pulvis
1034 2019 1073 2091 in
1105 2019 1211 2094 vitris
1241 2019 1338 2095 bene
1365 2021 1480 2098 obtu-

352 2138 476 2215 randis
495 2153 677 2216 servetur.
713 2137 922 2243 Colligntur
941 2152 1148 2215 auctumno
1167 2152 1233 2215 aut
1252 2167 1341 2216 vere
1362 2155 1400 2218 et
1419 2139 1480 2218 ul·

352 2273 409 2334 tra
436 2287 579 2336 annum
606 2287 685 2338 non
711 2273 896 2337 servetur.
984 2345 988 2354 ¹

248 2489 615 2577 Foeniculum.
650 2489 852 2578 Samen.
912 2489 1260 2579 Fenehelsamen.

305 2677 590 2764 Foenicnlnm
618 2677 795 2794 vulgum
826 2677 1005 2762 Gaertn.
1064 2689 1202 2763 theu
1227 2691 1364 2764 biennes
1388 2693 1479 2768 Gal·

304 2811 374 2884 liae
398 2811 636 2885 nzertidionalis
661 2827 699 2883 et
725 2811 931 2908 Helven'ae,
961 2815 999 2884 in
1022 2813 1217 2885 Germania
1242 2838 1262 2884 e
1287 2812 1352 2886 llo.

400 2981 552 3060 Semina
577 2982 759 3088 oblonga,
794 2987 939 3074 striata,
975 3011 997 3060 e
1019 2984 1131 3102 viridi
1146 2987 1323 3074 cinerea,
1351 2983 1478 3064 odoris

348 3103 611 3190 subaromatici
640 3107 748 3209 grati,
778 3108 919 3210 saporis
946 3103 1154 3182 subdulcis.

246 3331 479 3420 Poenum
512 3363 768 3446 graecum.
808 3331 1011 3421 Semen.
1072 3330 1474 3420 Boelulwrnsamen.

308 3519 556 3639 Trigunelln
583 3521 781 3605 Foennm
813 3551 1020 3636 graecum
1048 3517 1183 3606 Lino.
1252 3533 1388 3609 Planta
1410 3559 1476 3606 an·

302 3681 377 3730 rma
402 3657 576 3758 Enopae
601 3653 852 3728 nzen'dtonalrs.

398 3827 549 3906 Semina
588 3824 995 3931 subquadrangolaria,
1044 3853 1278 3933 compressa,
1322 3821 1476 3902 rostello

344 3947 487 4025 inflexo
508 3947 769 4039 accumbente,
798 3947 907 4040 dura,
936 3945 1052 4038 lutea,
1081 3947 1241 4024 subinde
1262 3947 1302 4024 in
1324 3943 1477 4024 fuscum

347 4065 514 4149 colorem
540 4071 745 4174 vergentia,
775 4065 902 4146 odoris
928 4065 1099 4145 meliloti.
