3352 4736
782 311 926 430 (208
965 311 1030 428 )-

407 526 625 632 Oleum
667 525 938 630 animale
974 523 1353 632 aethereum.
1451 674 1454 684 ,

622 691 771 806 (Oscum
790 705 945 802 carmelo
961 706 1146 809 Drppolti'.)

273 881 332 962 R.
387 875 480 963 Olei
497 877 677 963 animalis
700 874 843 962 foetidi
868 899 1054 989 quantum
1070 885 1206 991 placet.

322 1040 554 1118 Infundatur
566 1041 785 1119 cucurbitae
795 1042 948 1128 vitreae,
960 1067 1032 1144 ope
1044 1004 1494 1132 infundibuli,necucur·

221 1166 227 1198 “·
273 1161 374 1236 bitae
391 1159 509 1236 latera
527 1163 790 1263 inquinentur.
818 1159 922 1234 Tum
940 1155 1122 1234 alembico
1141 1173 1179 1235 et
1190 1185 1275 1237 vase
1292 1164 1503 1266 recipiente,
1621 1199 1625 1210 ·

274 1276 466 1382 applicatis
487 1279 663 1382 beneque
689 1277 771 1355 luto
799 1275 946 1367 clausis,
975 1275 1040 1352 fiat
1066 1275 1278 1370 destillatio,
1306 1278 1504 1388 lenissimo

273 1395 396 1472 balnei
410 1425 544 1475 arenae
557 1395 695 1486 calore,
717 1395 899 1500 quamdiu
913 1395 1040 1474 oleum
1052 1409 1167 1472 tenue
1180 1396 1338 1475 elicitur.
1356 1397 1497 1476 Oleum

274 1515 348 1596 hoc
361 1517 475 1598 modo
490 1517 687 1594 obtentum
701 1516 829 1592 eadem
845 1524 1019 1593 cautione
1039 1517 1257 1594 cucurbitae
1273 1545 1393 1595 novae
1407 1545 1496 1594 cum

274 1661 394 1737 aquae
420 1619 648 1739 quadruplo
673 1635 917 1723 infundatur,
946 1647 1004 1723 et,
1037 1626 1222 1739 applicato
1248 1635 1430 1712 alembieo
1454 1665 1496 1714 ac

274 1779 359 1830 vase
383 1756 586 1859 recipiente
608 1757 823 1857 purissimo,
851 1751 991 1828 blando
1014 1751 1138 1828 calore
1159 1757 1299 1830 iterum
1320 1754 1493 1847 destillet,

274 1871 456 1974 quamdiu
483 1871 815 1975 limpidissimum,
837 1897 957 1974 aquae
981 1874 1115 1959 instar,
1139 1888 1311 1978 apparet.
1351 1877 1495 1950 Immit-

274 2004 377 2084 tatur
405 1988 508 2068 illico
538 1988 720 2093 lagenulis
751 1992 878 2068 vitreis
908 2005 1034 2067 exacte
1062 1993 1258 2094 epistomio
1280 1996 1402 2070 vitreo
1427 1995 1494 2072 ob·

273 2109 456 2198 iurandis,
485 2113 631 2210 inverse
657 2111 729 2186 sub
755 2138 853 2214 aqna
878 2107 1130 2212 demergendis
1155 2125 1193 2185 et
1217 2109 1303 2190 loco
1331 2113 1491 2194 obscuro

275 2229 474 2304 servandis.
1123 2323 1127 2331 Ι

327 2346 384 2423 Sit
396 2345 711 2451 limpidissimum,
738 2337 880 2422 coloris·
894 2375 1025 2452 eapers
1043 2362 1108 2459 aut
1125 2376 1261 2452 parum
1276 2329 1490 2442 {lactescens

276 2465 401 2542 odoris
422 2467 625 2570 gravissimi
650 2479 688 2553 et
707 2467 912 2542 aromatici.

648 2790 867 2896 Oleum
916 2794 1118 2895 Cacao.
1224 2795 1237 2826 '

594 2991 599 3001 “
634 3007 638 3014 ·
696 2935 892 3068 (Butyrum
922 2973 1074 3070 Cacao'.)

331 3129 461 3216 Cacao
491 3137 626 3214 leniter
651 3153 767 3231 tosta,
795 3168 817 3213 a
843 3127 1046 3237 corticibus
1072 3139 1247 3240 liberata,
1277 3155 1431 3218 contusa
1457 3157 1493 3217 et

274 3285 381 3336 sacco
402 3259 611 3333 cannabino
631 3257 789 3347 inclusa,
817 3261 936 3362 aquae
957 3257 1150 3335 bullientis
1172 3287 1311 3364 vapore
1335 3263 1493 3366 imprae-

274 3405 359 3482 gna,
388 3367 425 3452 et
439 3403 512 3479 ope
526 3371 737 3466 torcularis,
766 3373 874 3480 eujus
891 3373 1057 3480 laminae¹
1068 3381 1108 3452 in
1123 3407 1221 3481 aqua
1239 3378 1378 3455 fervida
1399 3379 1493 3456 cole·

273 3497 393 3574 factae
411 3499 498 3582 sint,
519 3497 699 3604 exprime.
727 3485 867 3572 Ol'eur'u
882 3471 1095 3588 ¹sebaceunr,
1110 3496 1195 3574 loco
1211 3495 1329 3578 calido
1343 3511 1409 3574 aut
1421 3499 1492 3575 sub

273 3643 370 3720 aqua
394 3614 536 3691 fervida
559 3609 760 3718 liquatum,
788 3629 874 3720 post
897 3611 1215 3718 refrigerationem
1232 3639 1260 3692 'a
1287 3617 1493 3694 sedimento

274 3737 426 3838 impuro
448 3761 588 3838 separa.

325 3853 383 3928 Sit
399 3851 535 3930 coloris
554 3881 576 3928 e
593 3853 805 3930 flavescenti
825 3849 914 3940 albi,
939 3855 1029 3930 sebo
1049 3853 1165 3931 ovillo
1179 3849 1347 3944 solidius,
1371 3855 1494 3934 calore

273 3999 406 4048 manus
428 3971 709 4062 emolliendum,
740 3977 882 4078 saporis
900 3985 939 4050 et
958 3973 1084 4050 oderis
1106 3975 1246 4052 rancidi
1266 3998 1432 4080 expers.
1481 4020 1484 4029 ·
