3352 4736
798 343 1001 460 (118)

221 549 224 554 “
405 561 718 661 Tinctura
758 559 1035 663 Castorei
1079 560 1383 667 aetherea.

289 739 348 821 R.
404 735 582 825 Castorei
600 747 778 824 minutim
794 749 934 823 conciti
962 726 1124 824 unciam
1142 770 1281 854 unam,

403 865 576 982 Spiritus
594 867 1031 981 sulphurico-aetherei
1053 871 1190 954 uncias
1210 901 1293 958 ser.

338 1015 490 1093 Mecera
506 1005 546 1090 in
563 1017 663 1092 vitm
679 1011 807 1092 clauao
824 1041 894 1118 per
910 1001 997 1121 dica
1009 1028 1121 1121 octO,
1148 1018 1307 1096 subinde
1323 1021 1507 1125 agitando,

288 1150 372 1212 tum
390 1134 501 1212 filtra.

240 1321 245 1331 .
335 1252 395 1330 Sit
413 1252 551 1331 coloris
571 1251 828 1330 furceecentie.

354 1449 711 1554 .Tinctura
754 1443 990 1552 Chinae
1033 1453 1387 1597 composita.
1520 1533 1524 1552 .

635 1597 779 1695 (Elixo
794 1599 960 1671 roborans
980 1600 1167 1700 Whyutz)

285 1736 343 1818 R.
400 1731 572 1819 Corticis
587 1730 738 1818 Chinae
754 1730 886 1817 fuscae
903 1743 1153 1844 grossiuscule
1171 1743 1356 1850 pnlverati
1374 1739 1507 1822 uncias

402 1953 561 2042 Radicis
581 1953 817 2067 Gentianae,
845 1865 939 1956 tres,

398 2085 608 2173 Corticnm
620 2085 803 2171 Aurantii
817 2085 1039 2172 Pomorum
1065 2107 1204 2198 aparte
1216 2096 1384 2172 interiori
1397 2123 1505 2172 mun·

811 2215 999 2302 datorum,
1022 2211 1257 2316 singulorum
1270 2217 1505 2292 concisorum

809 2350 973 2404 unctam
988 2349 1126 2430 unam,

397 2452 571 2566 Spiritus
586 2449 684 2539 Vini
702 2445 850 2535 Gallici
868 2449 1043 2532 fortioris
1067 2449 1203 2532 uncias
1223 2445 1468 2563 octodecim,

395 2580 537 2696 Aquae
558 2578 817 2668 Cinnamomi
834 2577 1026 2693 §implicit
1043 2577 1182 2661 uncias
1200 2607 1283 2662 ser.
1373 2637 1390 2656 .

332 2720 485 2821 Digere,
507 2731 593 2822 post
606 2715 858 2794 sufficientem
870 2717 1139 2792 extructionem
1151 2719 1318 2819 exprime
1337 2729 1375 2792 et
1391 2714 1500 2794 filtra.

332 2837 392 2915 Sit
408 2834 547 2918 coloris
565 2833 824 2914 rubro-susci.

464 3031 774 3131 Tinctnra
816 3021 1317 3170 Golocynthidis.

280 3219 339 3301 R.
396 3209 708 3323 Golocynthidis
725 3223 966 3321 ominibus
980 3221 1157 3298 liberatae
1174 3236 1212 3299 et
1224 3224 1402 3298 minutim
1418 3247 1502 3300 con·

841 3353 937 3428 cicae
961 3343 1123 3426 unciam
1138 3371 1276 3454 unam,

398 3473 571 3562 Seminis
589 3471 704 3556 Anisi
722 3471 869 3557 stellati
894 3485 1043 3557 contusi
1075 3469 1306 3555 drachmam
1324 3501 1462 3558 unam.

396 3602 570 3719 Spiritus
584 3602 682 3690 Vini
703 3599 1021 3687 rectificatissimi
1039 3601 1184 3686 libram
1202 3631 1339 3686 unam.

331 3745 422 3828 Pori
439 3750 682 3854 digestionem
696 3775 764 3852 per
783 3735 965 3821 triduum
990 3749 1157 3853 exprime
1174 3762 1212 3826 et
1231 3747 1342 3826 filtra.

331 3869 390 3946 Sit
406 3867 542 3946 coloris
560 3897 581 3946 e
596 3867 819 3946 iusceecenti
836 3866 935 3942 flavi.

433 3999 561 4070 Doro.-
586 3996 639 4070 ad
652 4011 774 4095 guam
790 3998 929 4094 orphei.
