<?xml version="1.0" encoding="UTF-8"?>
<!DOCTYPE html PUBLIC "-//W3C//DTD XHTML 1.0 Transitional//EN"
    "http://www.w3.org/TR/xhtml1/DTD/xhtml1-transitional.dtd">
<html xmlns="http://www.w3.org/1999/xhtml" xml:lang="en" lang="en">
 <head>
  <title>
</title>
<meta http-equiv="Content-Type" content="text/html;charset=utf-8" />
  <meta name='ocr-system' content='tesseract 3.04.00' />
  <meta name='ocr-capabilities' content='ocr_page ocr_carea ocr_par ocr_line ocrx_word'/>
</head>
<body>
  <div class='ocr_page' id='page_1' title='image "./pharmacopocabor00unkngoog_0281.png"; bbox 0 0 3346 4722; ppageno 0'>
   <div class='ocr_carea' id='block_1_1' title="bbox 718 347 1056 462">
    <p class='ocr_par' dir='ltr' id='par_1_1' title="bbox 718 347 1056 462">
     <span class='ocr_line' id='line_1_1' title="bbox 718 347 1056 462; baseline 0.003 0"><span class='ocrx_word' id='word_1_1' title='bbox 718 347 1056 462; x_wconf 68' lang='lat' dir='ltr'>(telt-</span> 
     </span>
    </p>
   </div>
   <div class='ocr_carea' id='block_1_2' title="bbox 203 541 1513 1234">
    <p class='ocr_par' dir='ltr' id='par_1_2' title="bbox 203 541 1513 1234">
     <span class='ocr_line' id='line_1_2' title="bbox 203 541 1501 668; baseline 0.003 -33"><span class='ocrx_word' id='word_1_2' title='bbox 203 541 373 636; x_wconf 76' lang='lat' dir='ltr'>Flamma</span> <span class='ocrx_word' id='word_1_3' title='bbox 384 561 549 636; x_wconf 80' lang='lat' dir='ltr'>extincta</span> <span class='ocrx_word' id='word_1_4' title='bbox 557 555 803 650; x_wconf 60' lang='lat' dir='ltr'>‚nummum</span> <span class='ocrx_word' id='word_1_5' title='bbox 814 572 943 661; x_wconf 79' lang='lat' dir='ltr'>tegeno</span> <span class='ocrx_word' id='word_1_6' title='bbox 954 573 1193 636; x_wconf 82' lang='lat' dir='ltr'>removeatur</span> <span class='ocrx_word' id='word_1_7' title='bbox 1208 573 1246 637; x_wconf 86' lang='lat' dir='ltr'>et</span> <span class='ocrx_word' id='word_1_8' title='bbox 1257 541 1426 668; x_wconf 84' lang='lat' dir='ltr'>oxydum</span> <span class='ocrx_word' id='word_1_9' title='bbox 1476 587 1477 592; x_wconf 62' lang='lat'>‘</span> <span class='ocrx_word' id='word_1_10' title='bbox 1500 583 1501 587; x_wconf 65' lang='lat'>‘</span> 
     </span>
     <span class='ocr_line' id='line_1_3' title="bbox 205 675 1425 786; baseline 0.002 -32"><span class='ocrx_word' id='word_1_11' title='bbox 205 677 335 754; x_wconf 89' lang='lat' dir='ltr'>album</span> <span class='ocrx_word' id='word_1_12' title='bbox 352 677 435 756; x_wconf 76' lang='lat' dir='ltr'>leue</span> <span class='ocrx_word' id='word_1_13' title='bbox 456 675 641 760; x_wconf 77' lang='lat' dir='ltr'>cochleari</span> <span class='ocrx_word' id='word_1_14' title='bbox 660 677 785 755; x_wconf 86' lang='lat' dir='ltr'>ferreo</span> <span class='ocrx_word' id='word_1_15' title='bbox 805 681 1002 769; x_wconf 73' lang='lat' dir='ltr'>eximatur,</span> <span class='ocrx_word' id='word_1_16' title='bbox 1030 704 1127 781; x_wconf 76' lang='lat' dir='ltr'>qtue</span> <span class='ocrx_word' id='word_1_17' title='bbox 1140 682 1307 782; x_wconf 86' lang='lat' dir='ltr'>operatio</span> <span class='ocrx_word' id='word_1_18' title='bbox 1320 707 1425 786; x_wconf 86' lang='lat' dir='ltr'>repc-</span> 
     </span>
     <span class='ocr_line' id='line_1_4' title="bbox 204 795 1425 903; baseline 0 -27"><span class='ocrx_word' id='word_1_19' title='bbox 204 812 320 889; x_wconf 85' lang='lat' dir='ltr'>tatur,</span> <span class='ocrx_word' id='word_1_20' title='bbox 348 799 499 900; x_wconf 77' lang='lat' dir='ltr'>quoties</span> <span class='ocrx_word' id='word_1_21' title='bbox 523 800 688 888; x_wconf 80' lang='lat' dir='ltr'>cineum,</span> <span class='ocrx_word' id='word_1_22' title='bbox 716 811 842 876; x_wconf 86' lang='lat' dir='ltr'>amoto</span> <span class='ocrx_word' id='word_1_23' title='bbox 868 795 1069 874; x_wconf 82' lang='lat' dir='ltr'>crucibulo</span> <span class='ocrx_word' id='word_1_24' title='bbox 1094 811 1133 874; x_wconf 85' lang='lat' dir='ltr'>et</span> <span class='ocrx_word' id='word_1_25' title='bbox 1156 798 1352 903; x_wconf 75' lang='lat' dir='ltr'>superficie</span> <span class='ocrx_word' id='word_1_26' title='bbox 1377 799 1425 876; x_wconf 87' lang='lat' dir='ltr'>ab</span> 
     </span>
     <span class='ocr_line' id='line_1_5' title="bbox 205 907 1513 1024; baseline 0 -28"><span class='ocrx_word' id='word_1_27' title='bbox 205 917 332 1024; x_wconf 79' lang='lat' dir='ltr'>oxydo</span> <span class='ocrx_word' id='word_1_28' title='bbox 351 915 521 1006; x_wconf 81' lang='lat' dir='ltr'>liberata,</span> <span class='ocrx_word' id='word_1_29' title='bbox 545 921 586 992; x_wconf 92' lang='lat' dir='ltr'>in</span> <span class='ocrx_word' id='word_1_30' title='bbox 608 916 797 994; x_wconf 79' lang='lat' dir='ltr'>flammam</span> <span class='ocrx_word' id='word_1_31' title='bbox 819 919 997 1022; x_wconf 83' lang='lat' dir='ltr'><strong>erumpit.</strong></span> <span class='ocrx_word' id='word_1_32' title='bbox 1031 917 1214 1024; x_wconf 81' lang='lat' dir='ltr'>Oxydum</span> <span class='ocrx_word' id='word_1_33' title='bbox 1225 917 1427 996; x_wconf 84' lang='lat' dir='ltr'>collectum</span> <span class='ocrx_word' id='word_1_34' title='bbox 1507 907 1513 916; x_wconf 42' lang='lat'>⁸</span> 
     </span>
     <span class='ocr_line' id='line_1_6' title="bbox 204 1033 1426 1141; baseline 0 -27"><span class='ocrx_word' id='word_1_35' title='bbox 204 1035 443 1114; x_wconf 84' lang='lat' dir='ltr'>elutriatiouc</span> <span class='ocrx_word' id='word_1_36' title='bbox 460 1039 501 1112; x_wconf 90' lang='lat' dir='ltr'>in</span> <span class='ocrx_word' id='word_1_37' title='bbox 515 1033 711 1141; x_wconf 68' lang='lat' dir='ltr'>pulverem</span> <span class='ocrx_word' id='word_1_38' title='bbox 728 1035 1016 1116; x_wconf 76' lang='lat' dir='ltr'>subtilissimum</span> <span class='ocrx_word' id='word_1_39' title='bbox 1033 1036 1227 1116; x_wconf 84' lang='lat' dir='ltr'>redactum</span> <span class='ocrx_word' id='word_1_40' title='bbox 1246 1041 1357 1129; x_wconf 82' lang='lat' dir='ltr'>sicca,</span> <span class='ocrx_word' id='word_1_41' title='bbox 1388 1051 1426 1114; x_wconf 88' lang='lat' dir='ltr'>et</span> 
     </span>
     <span class='ocr_line' id='line_1_7' title="bbox 205 1157 1110 1234; baseline -0.001 -2"><span class='ocrx_word' id='word_1_42' title='bbox 205 1159 244 1231; x_wconf 91' lang='lat' dir='ltr'>in</span> <span class='ocrx_word' id='word_1_43' title='bbox 266 1157 366 1232; x_wconf 83' lang='lat' dir='ltr'>vitro</span> <span class='ocrx_word' id='word_1_44' title='bbox 390 1157 488 1232; x_wconf 87' lang='lat' dir='ltr'>bene</span> <span class='ocrx_word' id='word_1_45' title='bbox 511 1157 690 1234; x_wconf 85' lang='lat' dir='ltr'>obturato</span> <span class='ocrx_word' id='word_1_46' title='bbox 713 1182 831 1233; x_wconf 78' lang='lat' dir='ltr'>serva.</span> <span class='ocrx_word' id='word_1_47' title='bbox 1107 1177 1110 1182; x_wconf 84' lang='lat'>·</span> 
     </span>
    </p>
   </div>
   <div class='ocr_carea' id='block_1_3' title="bbox 258 1453 1354 1767">
    <p class='ocr_par' dir='ltr' id='par_1_3' title="bbox 258 1453 1354 1767">
     <span class='ocr_line' id='line_1_8' title="bbox 258 1453 1354 1604; baseline 0.005 -44"><span class='ocrx_word' id='word_1_48' title='bbox 258 1457 538 1561; x_wconf 69' lang='lat' dir='ltr'>&#39;Zincum</span> <span class='ocrx_word' id='word_1_49' title='bbox 576 1453 920 1604; x_wconf 83' lang='lat' dir='ltr'>oxydatum</span> <span class='ocrx_word' id='word_1_50' title='bbox 957 1464 1055 1566; x_wconf 84' lang='lat' dir='ltr'>via</span> <span class='ocrx_word' id='word_1_51' title='bbox 1097 1457 1354 1572; x_wconf 82' lang='lat' dir='ltr'>humida</span> 
     </span>
     <span class='ocr_line' id='line_1_9' title="bbox 557 1649 969 1767; baseline -0.002 -40"><span class='ocrx_word' id='word_1_52' title='bbox 557 1719 562 1727; x_wconf 89' lang='lat'><em>.</em></span> <span class='ocrx_word' id='word_1_53' title='bbox 663 1649 969 1767; x_wconf 86' lang='lat' dir='ltr'>paratum.</span> 
     </span>
    </p>
   </div>
   <div class='ocr_carea' id='block_1_4' title="bbox 203 1852 1166 2098">
    <p class='ocr_par' dir='ltr' id='par_1_4' title="bbox 203 1852 1166 2098">
     <span class='ocr_line' id='line_1_10' title="bbox 203 1852 1166 1969; baseline 0.006 -34"><span class='ocrx_word' id='word_1_54' title='bbox 203 1853 262 1936; x_wconf 82' lang='lat' dir='ltr'>R.</span> <span class='ocrx_word' id='word_1_55' title='bbox 317 1852 431 1936; x_wconf 89' lang='lat' dir='ltr'>Zinei</span> <span class='ocrx_word' id='word_1_56' title='bbox 452 1853 672 1968; x_wconf 82' lang='lat' dir='ltr'>sulplrurici</span> <span class='ocrx_word' id='word_1_57' title='bbox 699 1867 826 1940; x_wconf 86' lang='lat' dir='ltr'>siccati</span> <span class='ocrx_word' id='word_1_58' title='bbox 852 1877 981 1969; x_wconf 78' lang='lat' dir='ltr'>partes</span> <span class='ocrx_word' id='word_1_59' title='bbox 1001 1885 1166 1966; x_wconf 83' lang='lat' dir='ltr'>novem,</span> 
     </span>
     <span class='ocr_line' id='line_1_11' title="bbox 277 1981 1115 2098; baseline 0.002 -32"><span class='ocrx_word' id='word_1_60' title='bbox 277 2031 281 2038; x_wconf 88' lang='lat'>·</span> <span class='ocrx_word' id='word_1_61' title='bbox 315 1981 410 2066; x_wconf 85' lang='lat' dir='ltr'>Kali</span> <span class='ocrx_word' id='word_1_62' title='bbox 431 1985 562 2066; x_wconf 85' lang='lat' dir='ltr'>uitrici</span> <span class='ocrx_word' id='word_1_63' title='bbox 587 1991 776 2095; x_wconf 83' lang='lat' dir='ltr'>pulverau&#39;</span> <span class='ocrx_word' id='word_1_64' title='bbox 804 2004 958 2098; x_wconf 87' lang='lat' dir='ltr'>partem</span> <span class='ocrx_word' id='word_1_65' title='bbox 977 2015 1115 2070; x_wconf 84' lang='lat' dir='ltr'>uuam.</span> 
     </span>
    </p>
   </div>
   <div class='ocr_carea' id='block_1_5' title="bbox 142 2127 1428 2715">
    <p class='ocr_par' dir='ltr' id='par_1_5' title="bbox 142 2127 1428 2715">
     <span class='ocr_line' id='line_1_12' title="bbox 253 2127 1427 2235; baseline 0.005 -30"><span class='ocrx_word' id='word_1_66' title='bbox 253 2131 373 2205; x_wconf 80' lang='lat' dir='ltr'>Mixto</span> <span class='ocrx_word' id='word_1_67' title='bbox 387 2133 427 2204; x_wconf 94' lang='lat' dir='ltr'>in</span> <span class='ocrx_word' id='word_1_68' title='bbox 445 2127 644 2205; x_wconf 84' lang='lat' dir='ltr'>crucibulo</span> <span class='ocrx_word' id='word_1_69' title='bbox 661 2157 745 2218; x_wconf 89' lang='lat' dir='ltr'>ure,</span> <span class='ocrx_word' id='word_1_70' title='bbox 770 2129 890 2206; x_wconf 90' lang='lat' dir='ltr'>donec</span> <span class='ocrx_word' id='word_1_71' title='bbox 910 2129 1176 2235; x_wconf 76' lang='lat' dir='ltr'>portiunculae</span> <span class='ocrx_word' id='word_1_72' title='bbox 1191 2147 1358 2210; x_wconf 79' lang='lat' dir='ltr'>exemue</span> <span class='ocrx_word' id='word_1_73' title='bbox 1371 2161 1427 2211; x_wconf 80' lang='lat' dir='ltr'>eo-</span> 
     </span>
     <span class='ocr_line' id='line_1_13' title="bbox 142 2247 1427 2355; baseline 0.005 -33"><span class='ocrx_word' id='word_1_74' title='bbox 142 2339 145 2351; x_wconf 26' lang='lat'><em>·</em></span> <span class='ocrx_word' id='word_1_75' title='bbox 202 2247 301 2326; x_wconf 90' lang='lat' dir='ltr'>lutio</span> <span class='ocrx_word' id='word_1_76' title='bbox 319 2247 468 2339; x_wconf 73' lang='lat' dir='ltr'>filu-au,</span> <span class='ocrx_word' id='word_1_77' title='bbox 492 2249 624 2324; x_wconf 81' lang='lat' dir='ltr'>additis</span> <span class='ocrx_word' id='word_1_78' title='bbox 641 2252 807 2324; x_wconf 84' lang='lat' dir='ltr'>tinctura</span> <span class='ocrx_word' id='word_1_79' title='bbox 824 2247 1007 2352; x_wconf 81' lang='lat' dir='ltr'>gallorum</span> <span class='ocrx_word' id='word_1_80' title='bbox 1025 2263 1063 2326; x_wconf 93' lang='lat' dir='ltr'>et</span> <span class='ocrx_word' id='word_1_81' title='bbox 1079 2249 1229 2355; x_wconf 87' lang='lat' dir='ltr'>liquore</span> <span class='ocrx_word' id='word_1_82' title='bbox 1249 2256 1427 2331; x_wconf 87' lang='lat' dir='ltr'>ammonii</span> 
     </span>
     <span class='ocr_line' id='line_1_14' title="bbox 203 2365 1428 2476; baseline 0.005 -30"><span class='ocrx_word' id='word_1_83' title='bbox 203 2371 371 2460; x_wconf 85' lang='lat' dir='ltr'>caustici,</span> <span class='ocrx_word' id='word_1_84' title='bbox 399 2371 685 2472; x_wconf 83' lang='lat' dir='ltr'>praecipitatum</span> <span class='ocrx_word' id='word_1_85' title='bbox 711 2365 881 2444; x_wconf 80' lang='lat' dir='ltr'>albidum</span> <span class='ocrx_word' id='word_1_86' title='bbox 906 2395 976 2446; x_wconf 88' lang='lat' dir='ltr'>nec</span> <span class='ocrx_word' id='word_1_87' title='bbox 1003 2382 1173 2476; x_wconf 89' lang='lat' dir='ltr'>tempore</span> <span class='ocrx_word' id='word_1_88' title='bbox 1198 2374 1238 2447; x_wconf 93' lang='lat' dir='ltr'>iu</span> <span class='ocrx_word' id='word_1_89' title='bbox 1261 2371 1428 2452; x_wconf 89' lang='lat' dir='ltr'>colorem</span> 
     </span>
     <span class='ocr_line' id='line_1_15' title="bbox 201 2485 1428 2594; baseline 0.007 -30"><span class='ocrx_word' id='word_1_90' title='bbox 201 2485 412 2564; x_wconf 81' lang='lat' dir='ltr'>violaceum</span> <span class='ocrx_word' id='word_1_91' title='bbox 432 2515 589 2592; x_wconf 81' lang='lat' dir='ltr'>vergens</span> <span class='ocrx_word' id='word_1_92' title='bbox 609 2489 790 2564; x_wconf 79' lang='lat' dir='ltr'>demittat.</span> <span class='ocrx_word' id='word_1_93' title='bbox 823 2491 914 2566; x_wconf 84' lang='lat' dir='ltr'>Post</span> <span class='ocrx_word' id='word_1_94' title='bbox 934 2487 1254 2594; x_wconf 80' lang='lat' dir='ltr'>refrigerationem</span> <span class='ocrx_word' id='word_1_95' title='bbox 1271 2521 1428 2572; x_wconf 80' lang='lat' dir='ltr'>massam</span> 
     </span>
     <span class='ocr_line' id='line_1_16' title="bbox 202 2607 1257 2715; baseline 0.004 -33"><span class='ocrx_word' id='word_1_96' title='bbox 202 2621 456 2683; x_wconf 81' lang='lat' dir='ltr'>remanentem</span> <span class='ocrx_word' id='word_1_97' title='bbox 478 2635 499 2680; x_wconf 87' lang='lat' dir='ltr'>a</span> <span class='ocrx_word' id='word_1_98' title='bbox 517 2607 716 2684; x_wconf 86' lang='lat' dir='ltr'>crucibulo</span> <span class='ocrx_word' id='word_1_99' title='bbox 737 2623 944 2715; x_wconf 82' lang='lat' dir='ltr'>separatam</span> <span class='ocrx_word' id='word_1_100' title='bbox 963 2623 1001 2685; x_wconf 86' lang='lat' dir='ltr'>et</span> <span class='ocrx_word' id='word_1_101' title='bbox 1021 2614 1147 2686; x_wconf 82' lang='lat' dir='ltr'>tritam</span> <span class='ocrx_word' id='word_1_102' title='bbox 1168 2637 1257 2686; x_wconf 90' lang='lat' dir='ltr'>cum</span> 
     </span>
    </p>
   </div>
   <div class='ocr_carea' id='block_1_6' title="bbox 208 2743 1097 2860">
    <p class='ocr_par' dir='ltr' id='par_1_6' title="bbox 208 2743 1097 2860">
     <span class='ocr_line' id='line_1_17' title="bbox 208 2743 1097 2860; baseline 0.003 -33"><span class='ocrx_word' id='word_1_103' title='bbox 208 2783 212 2792; x_wconf 94' lang='lat'><em>·</em></span> <span class='ocrx_word' id='word_1_104' title='bbox 317 2744 457 2860; x_wconf 83' lang='lat' dir='ltr'>Aquae</span> <span class='ocrx_word' id='word_1_105' title='bbox 476 2747 703 2830; x_wconf 88' lang='lat' dir='ltr'>communis</span> <span class='ocrx_word' id='word_1_106' title='bbox 729 2755 894 2832; x_wconf 83' lang='lat' dir='ltr'>fervidae</span> <span class='ocrx_word' id='word_1_107' title='bbox 922 2743 1097 2860; x_wconf 88' lang='lat' dir='ltr'>decuplo</span> 
     </span>
    </p>
   </div>
   <div class='ocr_carea' id='block_1_7' title="bbox 202 2891 1426 3239">
    <p class='ocr_par' dir='ltr' id='par_1_7' title="bbox 202 2891 1426 3250">
     <span class='ocr_line' id='line_1_18' title="bbox 202 2891 1426 2998; baseline 0.005 -28"><span class='ocrx_word' id='word_1_108' title='bbox 202 2897 332 2980; x_wconf 79' lang='lat' dir='ltr'>misce,</span> <span class='ocrx_word' id='word_1_109' title='bbox 360 2907 399 2968; x_wconf 86' lang='lat' dir='ltr'>et</span> <span class='ocrx_word' id='word_1_110' title='bbox 419 2896 564 2998; x_wconf 82' lang='lat' dir='ltr'>saepius</span> <span class='ocrx_word' id='word_1_111' title='bbox 585 2893 758 2994; x_wconf 81' lang='lat' dir='ltr'>agitando</span> <span class='ocrx_word' id='word_1_112' title='bbox 779 2891 920 2996; x_wconf 79' lang='lat' dir='ltr'>digere,</span> <span class='ocrx_word' id='word_1_113' title='bbox 948 2907 994 2968; x_wconf 91' lang='lat' dir='ltr'>ut</span> <span class='ocrx_word' id='word_1_114' title='bbox 1017 2891 1179 2972; x_wconf 86' lang='lat' dir='ltr'>solubile</span> <span class='ocrx_word' id='word_1_115' title='bbox 1199 2893 1367 2974; x_wconf 75' lang='lat' dir='ltr'>solvatur</span> <span class='ocrx_word' id='word_1_116' title='bbox 1389 2914 1426 2976; x_wconf 88' lang='lat' dir='ltr'>et</span> 
     </span>
     <span class='ocr_line' id='line_1_19' title="bbox 202 3008 1425 3114; baseline 0.007 -28"><span class='ocrx_word' id='word_1_117' title='bbox 202 3011 363 3100; x_wconf 84' lang='lat' dir='ltr'>ferrum,</span> <span class='ocrx_word' id='word_1_118' title='bbox 391 3013 422 3088; x_wconf 82' lang='lat' dir='ltr'>ci</span> <span class='ocrx_word' id='word_1_119' title='bbox 449 3008 563 3114; x_wconf 83' lang='lat' dir='ltr'>hujus</span> <span class='ocrx_word' id='word_1_120' title='bbox 585 3009 775 3086; x_wconf 82' lang='lat' dir='ltr'>tantillum</span> <span class='ocrx_word' id='word_1_121' title='bbox 799 3013 840 3086; x_wconf 91' lang='lat' dir='ltr'>iu</span> <span class='ocrx_word' id='word_1_122' title='bbox 865 3010 1054 3090; x_wconf 80' lang='lat' dir='ltr'>solutione</span> <span class='ocrx_word' id='word_1_123' title='bbox 1075 3013 1198 3090; x_wconf 84' lang='lat' dir='ltr'>adhuc</span> <span class='ocrx_word' id='word_1_124' title='bbox 1225 3015 1340 3108; x_wconf 77' lang='lat' dir='ltr'>adest,</span> <span class='ocrx_word' id='word_1_125' title='bbox 1369 3045 1425 3095; x_wconf 81' lang='lat' dir='ltr'>se·</span> 
     </span>
     <span class='ocr_line' id='line_1_20' title="bbox 202 3127 1131 3239; baseline 0.001 -31"><span class='ocrx_word' id='word_1_126' title='bbox 202 3145 382 3236; x_wconf 68' lang='lat' dir='ltr'>peretum·</span> <span class='ocrx_word' id='word_1_127' title='bbox 410 3131 511 3205; x_wconf 87' lang='lat' dir='ltr'>Tum</span> <span class='ocrx_word' id='word_1_128' title='bbox 530 3127 641 3208; x_wconf 82' lang='lat' dir='ltr'>filtra.</span> <span class='ocrx_word' id='word_1_129' title='bbox 683 3131 844 3234; x_wconf 89' lang='lat' dir='ltr'>Liquori</span> <span class='ocrx_word' id='word_1_130' title='bbox 862 3129 1018 3239; x_wconf 94' lang='lat' dir='ltr'>limpido</span> <span class='ocrx_word' id='word_1_131' title='bbox 1038 3133 1131 3209; x_wconf 81' lang='lat' dir='ltr'>udde</span> 
     </span>
    </p>
   </div>
   <div class='ocr_carea' id='block_1_8' title="bbox 316 3265 1426 3501">
    <p class='ocr_par' dir='ltr' id='par_1_8' title="bbox 316 3265 1426 3501">
     <span class='ocr_line' id='line_1_21' title="bbox 316 3265 1426 3388; baseline 0.01 -36"><span class='ocrx_word' id='word_1_132' title='bbox 316 3265 488 3352; x_wconf 74' lang='lat' dir='ltr'>Nouum</span> <span class='ocrx_word' id='word_1_133' title='bbox 503 3268 763 3352; x_wconf 86' lang='lat' dir='ltr'>carhouicum</span> <span class='ocrx_word' id='word_1_134' title='bbox 779 3267 1019 3384; x_wconf 83' lang='lat' dir='ltr'>dcpmatum</span> <span class='ocrx_word' id='word_1_135' title='bbox 1032 3284 1074 3357; x_wconf 91' lang='lat' dir='ltr'>in</span> <span class='ocrx_word' id='word_1_136' title='bbox 1086 3271 1228 3388; x_wconf 84' lang='lat' dir='ltr'>Aquae</span> <span class='ocrx_word' id='word_1_137' title='bbox 1238 3305 1426 3362; x_wconf 90' lang='lat' dir='ltr'>commu·</span> 
     </span>
     <span class='ocr_line' id='line_1_22' title="bbox 722 3390 1422 3501; baseline 0.019 -30"><span class='ocrx_word' id='word_1_138' title='bbox 722 3390 784 3472; x_wconf 88' lang='lat' dir='ltr'>nis</span> <span class='ocrx_word' id='word_1_139' title='bbox 800 3403 1010 3501; x_wconf 75' lang='lat' dir='ltr'>quantitate</span> <span class='ocrx_word' id='word_1_140' title='bbox 1022 3403 1228 3480; x_wconf 82' lang='lat' dir='ltr'>sufficiente</span> <span class='ocrx_word' id='word_1_141' title='bbox 1240 3403 1422 3499; x_wconf 78' lang='lat' dir='ltr'>solutum,</span> 
     </span>
    </p>
   </div>
   <div class='ocr_carea' id='block_1_9' title="bbox 204 3525 1558 3640">
    <p class='ocr_par' dir='ltr' id='par_1_9' title="bbox 204 3525 1558 3640">
     <span class='ocr_line' id='line_1_23' title="bbox 204 3525 1558 3640; baseline 0.008 -33"><span class='ocrx_word' id='word_1_142' title='bbox 204 3531 385 3638; x_wconf 79' lang='lat' dir='ltr'>quamdiu</span> <span class='ocrx_word' id='word_1_143' title='bbox 404 3536 691 3638; x_wconf 87' lang='lat' dir='ltr'>praecipitatum</span> <span class='ocrx_word' id='word_1_144' title='bbox 710 3534 798 3610; x_wconf 90' lang='lat' dir='ltr'>iude</span> <span class='ocrx_word' id='word_1_145' title='bbox 818 3537 1057 3640; x_wconf 87' lang='lat' dir='ltr'>producitur.</span> <span class='ocrx_word' id='word_1_146' title='bbox 1098 3525 1184 3616; x_wconf 90' lang='lat' dir='ltr'>Hoc</span> <span class='ocrx_word' id='word_1_147' title='bbox 1200 3540 1300 3618; x_wconf 89' lang='lat' dir='ltr'>bene</span> <span class='ocrx_word' id='word_1_148' title='bbox 1318 3541 1424 3620; x_wconf 89' lang='lat' dir='ltr'>edul-</span> <span class='ocrx_word' id='word_1_149' title='bbox 1555 3569 1558 3575; x_wconf 86' lang='lat'>·</span> 
     </span>
    </p>
   </div>
   <div class='ocr_carea' id='block_1_10' title="bbox 202 3637 1424 3882">
    <p class='ocr_par' dir='ltr' id='par_1_10' title="bbox 202 3637 1424 3882">
     <span class='ocr_line' id='line_1_24' title="bbox 203 3637 1424 3752; baseline 0.007 -21"><span class='ocrx_word' id='word_1_150' title='bbox 203 3667 373 3731; x_wconf 76' lang='lat' dir='ltr'>comtum</span> <span class='ocrx_word' id='word_1_151' title='bbox 392 3669 429 3729; x_wconf 88' lang='lat' dir='ltr'>et</span> <span class='ocrx_word' id='word_1_152' title='bbox 441 3655 621 3730; x_wconf 81' lang='lat' dir='ltr'>siccatum</span> <span class='ocrx_word' id='word_1_153' title='bbox 635 3654 876 3731; x_wconf 80' lang='lat' dir='ltr'>excandescat</span> <span class='ocrx_word' id='word_1_154' title='bbox 892 3657 933 3730; x_wconf 93' lang='lat' dir='ltr'>in</span> <span class='ocrx_word' id='word_1_155' title='bbox 951 3637 1284 3752; x_wconf 81' lang='lat' dir='ltr'>crucibulotecto,</span> <span class='ocrx_word' id='word_1_156' title='bbox 1304 3661 1424 3740; x_wconf 88' lang='lat' dir='ltr'>donec</span> 
     </span>
     <span class='ocr_line' id='line_1_25' title="bbox 202 3771 1423 3882; baseline 0.009 -33"><span class='ocrx_word' id='word_1_157' title='bbox 202 3771 465 3878; x_wconf 86' lang='lat' dir='ltr'>portiunculae</span> <span class='ocrx_word' id='word_1_158' title='bbox 485 3800 574 3850; x_wconf 88' lang='lat' dir='ltr'>cum</span> <span class='ocrx_word' id='word_1_159' title='bbox 590 3800 689 3876; x_wconf 78' lang='lat' dir='ltr'>aqua</span> <span class='ocrx_word' id='word_1_160' title='bbox 711 3776 849 3850; x_wconf 81' lang='lat' dir='ltr'>mixtae</span> <span class='ocrx_word' id='word_1_161' title='bbox 873 3776 1024 3853; x_wconf 84' lang='lat' dir='ltr'>acidum</span> <span class='ocrx_word' id='word_1_162' title='bbox 1045 3775 1242 3882; x_wconf 88' lang='lat' dir='ltr'>quodlibet</span> <span class='ocrx_word' id='word_1_163' title='bbox 1260 3781 1423 3860; x_wconf 80' lang='lat' dir='ltr'>affireum</span> 
     </span>
    </p>
   </div>
   <div class='ocr_carea' id='block_1_11' title="bbox 78 3889 1421 4115">
    <p class='ocr_par' dir='ltr' id='par_1_11' title="bbox 78 3889 1421 4115">
     <span class='ocr_line' id='line_1_26' title="bbox 98 3889 1421 3978; baseline 0.008 -10"><span class='ocrx_word' id='word_1_164' title='bbox 98 3911 101 3917; x_wconf 82' lang='lat'>&#39;</span> <span class='ocrx_word' id='word_1_165' title='bbox 201 3889 347 3969; x_wconf 89' lang='lat' dir='ltr'>nullam</span> <span class='ocrx_word' id='word_1_166' title='bbox 361 3893 833 3971; x_wconf 80' lang='lat' dir='ltr'>efficiatefferveeceutiam.</span> <span class='ocrx_word' id='word_1_167' title='bbox 862 3895 965 3971; x_wconf 87' lang='lat' dir='ltr'>Tum</span> <span class='ocrx_word' id='word_1_168' title='bbox 985 3896 1109 3974; x_wconf 85' lang='lat' dir='ltr'>adhuc</span> <span class='ocrx_word' id='word_1_169' title='bbox 1129 3895 1291 3976; x_wconf 83' lang='lat' dir='ltr'>calidum</span> <span class='ocrx_word' id='word_1_170' title='bbox 1308 3904 1349 3977; x_wconf 87' lang='lat' dir='ltr'>in</span> <span class='ocrx_word' id='word_1_171' title='bbox 1365 3906 1421 3978; x_wconf 82' lang='lat' dir='ltr'>vi·</span> 
     </span>
     <span class='ocr_line' id='line_1_27' title="bbox 78 4013 1033 4115; baseline 0.001 -26"><span class='ocrx_word' id='word_1_172' title='bbox 78 4109 79 4114; x_wconf 9' lang='lat'>¹</span> <span class='ocrx_word' id='word_1_173' title='bbox 201 4025 306 4089; x_wconf 81' lang='lat' dir='ltr'>trum</span> <span class='ocrx_word' id='word_1_174' title='bbox 321 4013 450 4115; x_wconf 79' lang='lat' dir='ltr'>ingere</span> <span class='ocrx_word' id='word_1_175' title='bbox 464 4027 502 4090; x_wconf 88' lang='lat' dir='ltr'>et</span> <span class='ocrx_word' id='word_1_176' title='bbox 520 4016 559 4090; x_wconf 90' lang='lat' dir='ltr'>in</span> <span class='ocrx_word' id='word_1_177' title='bbox 582 4039 629 4090; x_wconf 93' lang='lat' dir='ltr'>eo</span> <span class='ocrx_word' id='word_1_178' title='bbox 648 4013 747 4090; x_wconf 89' lang='lat' dir='ltr'>bene</span> <span class='ocrx_word' id='word_1_179' title='bbox 764 4013 894 4094; x_wconf 82' lang='lat' dir='ltr'>clauso</span> <span class='ocrx_word' id='word_1_180' title='bbox 914 4041 1033 4091; x_wconf 78' lang='lat' dir='ltr'>cerva.</span> 
     </span>
    </p>
   </div>
   <div class='ocr_carea' id='block_1_12' title="bbox 0 0 1678 4722">
    <p class='ocr_par' dir='ltr' id='par_1_12' title="bbox 0 0 1678 4722">
     <span class='ocr_line' id='line_1_28' title="bbox 0 0 1678 4722; baseline 0 0"><span class='ocrx_word' id='word_1_181' title='bbox 0 0 1678 4722; x_wconf 95' lang='lat' dir='ltr'> </span> 
     </span>
    </p>
   </div>
  </div>
 </body>
</html>
