3428 4742
775 361 921 477 (7)

341 569 681 679 hydrosulphuroti
704 568 873 650 colorem
895 574 936 647 in
965 569 1119 670 fuscum
1149 567 1215 648 aut
1248 573 1462 674 nigrescen-

270 753 273 759 .
339 705 417 770 tem
448 705 585 770 mutet.
638 691 771 768 Affuso
802 695 884 796 pari
917 691 1085 797 pondere
1117 689 1300 769 alcoholis
1332 692 1464 769 itidem

340 839 421 890 non
445 811 637 888 mrbetur.

391 931 546 1009 Pondus
572 929 792 1036 specificum
814 963 862 1002 =
878 937 914 1021 1,
926 936 999 1006 840
1014 975 1058 994 ·-
1077 936 1212 1022 bubo.

242 1154 465 1244 Acidum
508 1156 840 1241 tartaricum.
920 1155 1001 1244 Sat
1038 1157 1256 1242 essentiale
1299 1165 1462 1241 tanati.

305 1291 680 1372 Weinsteinscinm.
720 1329 734 1344 -
830 1291 833 1300 '
1114 1315 1118 1328 ·

495 1474 760 1572 Praeparatum
785 1468 1008 1574 officrimrum
1031 1471 1268 1548 cltemicarrtm
1292 1489 1465 1548 emrtaro

481 1591 682 1694 'depurata

393 1759 571 1868 Crystalli
587 1774 761 1838 crustam
784 1762 1012 1852 formantes,
1045 1761 1177 1850 albae,¹
1200 1790 1332 1868 sapore
1356 1791 1465 1870 pera-

345 1881 443 1972 cido,
471 1885 512 1956 in
539 1909 658 1984 aqum
684 1881 855 1986 partibus
877 1881 1029 1964 duabus
1055 1881 1247 1960 solubiles.
1292 1883 1351 1960 Sit
1371 1881 1465 1962 libe-

342 2029 432 2076 rum
456 1999 504 2074 ab
530 2001 637 2077 acido
669 2000 914 2106 sulphurico,
953 2029 1033 2104 quo
1063 2001 1266 2078 humidum
1295 2002 1466 2080 redditur

343 2133 382 2195 et
407 2119 541 2196 adfuso
567 2117 718 2224 liquore
744 2117 893 2224 plumbi
920 2123 1050 2196 acetici
1079 2125 1367 2226 praecipitatum
1401 2121 1465 2198 de·

244 2239 248 2246 '
344 2241 460 2315 mittit
485 2241 525 2313 in
550 2237 657 2314 acido
682 2241 820 2315 nitrico
846 2267 926 2315 non
952 2237 1128 2330 solubile,
1157 2269 1327 2319 necnon
1348 2271 1370 2317 a
1390 2240 1465 2338 cal,

255 2404 259 2410 ·
345 2361 465 2435 cariae
491 2361 685 2434 tartaricus
710 2361 826 2436 nimio
852 2362 975 2463 copia,
1003 2387 1101 2464 quae
1127 2364 1407 2468 praecipitatur,
1434 2363 1466 2440 si

344 2480 535 2556 ammonio
560 2477 765 2556 carbouico
790 2492 1112 2584 supersuturamm
1133 2480 1264 2558 fuerit.

243 2717 545 2852 Aconitum.
587 2715 773 2804 Herba.
833 2717 1148 2807 Euentutteto.

299 2902 534 2988 Aconitom
575 2903 929 2988 Neomontonum
976 2905 1187 2989 Willden.
1235 2903 1467 3020 (Smerden-

300 3063 407 3120 nttm
429 3033 752 3150 Retctenbact).
812 3045 949 3119 Planta
971 3050 1138 3145 perenne
1162 3051 1200 3120 in
1213 3045 1309 3122 vloeis
1330 3065 1466 3124 monto-

300 3170 349 3238 sis
375 3168 591 3242 Gemzanrire
616 3165 699 3239 latire
724 3165 808 3239 r'nde
833 3191 1033 3240 occurrens.
1111 3269 1113 3275 ι

395 3318 501 3394 Folia
525 3321 671 3394 intense
695 3317 849 3407 viridia,
878 3315 1027 3421 glabre,
1060 3315 1241 3422 palmata,
1276 3321 1466 3426 quinque·

344 3441 499 3544 partita,
535 3436 633 3514 tobis
657 3435 873 3513 lateralibus
899 3437 946 3512 ad
970 3437 1075 3514 basin
1102 3437 1183 3514 fere
1206 3441 1371 3544 partitis,
1412 3439 1467 3515 la·

346 3559 453 3634 ciniis
480 3557 686 3635 divaricatis
717 3557 1016 3634 cuneiformibus
1044 3561 1183 3650 incisis,
1211 3557 1354 3635 ultimis
1379 3567 1464 3634 2-3

344 3674 413 3756 lin.
439 3676 544 3770 latis;
584 3676 792 3783 pedunculi
817 3677 979 3756 bracteis
1003 3675 1194 3781 longiores
1221 3677 1359 3780 glabri,
1401 3705 1466 3758 co-

345 3796 463 3876 rollae
488 3798 684 3877 coeruleos
709 3797 811 3902 galea
837 3803 922 3873 6-8
936 3797 1006 3876 lin.
1027 3789 1124 3888 alto,¹
1142 3827 1279 3906 parum
1303 3826 1467 3906 superne

343 3920 519 4010 incurva,
567 3933 688 3998 rostro
732 3917 813 3997 non
858 3921 1096 4025 prominente
1138 3945 1210 3996 nec
1247 3934 1462 4026 recurvato.
1518 4021 1523 4028 Ι

342 4039 535 4146 Principio
567 4043 760 4118 narcotico
794 4042 871 4118 acri
903 4039 1069 4144 praedita
1092 4053 1202 4118 sunt.
1256 4040 1466 4120 Sumuntur
