<?xml version="1.0" encoding="UTF-8"?>
<!DOCTYPE html PUBLIC "-//W3C//DTD XHTML 1.0 Transitional//EN"
    "http://www.w3.org/TR/xhtml1/DTD/xhtml1-transitional.dtd">
<html xmlns="http://www.w3.org/1999/xhtml" xml:lang="en" lang="en">
 <head>
  <title>
</title>
<meta http-equiv="Content-Type" content="text/html;charset=utf-8" />
  <meta name='ocr-system' content='tesseract 3.04.00' />
  <meta name='ocr-capabilities' content='ocr_page ocr_carea ocr_par ocr_line ocrx_word'/>
</head>
<body>
  <div class='ocr_page' id='page_1' title='image "./pharmacopocabor00unkngoog_0173.png"; bbox 0 0 3392 4742; ppageno 0'>
   <div class='ocr_carea' id='block_1_1' title="bbox 752 328 955 458">
    <p class='ocr_par' dir='ltr' id='par_1_1' title="bbox 752 328 955 458">
     <span class='ocr_line' id='line_1_1' title="bbox 752 328 955 458; baseline 0 -8"><span class='ocrx_word' id='word_1_1' title='bbox 752 328 955 458; x_wconf 72' lang='lat'>‹1⁵³›</span> 
     </span>
    </p>
   </div>
   <div class='ocr_carea' id='block_1_2' title="bbox 236 521 1464 768">
    <p class='ocr_par' dir='ltr' id='par_1_2' title="bbox 236 521 1464 768">
     <span class='ocr_line' id='line_1_2' title="bbox 288 521 1464 648; baseline 0.002 -28"><span class='ocrx_word' id='word_1_2' title='bbox 288 545 433 624; x_wconf 80' lang='lat' dir='ltr'><strong>Poterit</strong></span> <span class='ocrx_word' id='word_1_3' title='bbox 449 569 606 648; x_wconf 86' lang='lat' dir='ltr'><strong>quoque</strong></span> <span class='ocrx_word' id='word_1_4' title='bbox 619 569 639 618; x_wconf 91' lang='lat' dir='ltr'><strong>e</strong></span> <span class='ocrx_word' id='word_1_5' title='bbox 653 521 775 646; x_wconf 60' lang='lat' dir='ltr'><strong>cufim</strong></span> <span class='ocrx_word' id='word_1_6' title='bbox 793 532 1016 648; x_wconf 81' lang='lat' dir='ltr'><strong>sulphurico</strong></span> <span class='ocrx_word' id='word_1_7' title='bbox 1029 542 1166 633; x_wconf 77' lang='lat' dir='ltr'><strong>venali,</strong></span> <span class='ocrx_word' id='word_1_8' title='bbox 1188 545 1219 622; x_wconf 79' lang='lat' dir='ltr'><strong>si</strong></span> <span class='ocrx_word' id='word_1_9' title='bbox 1233 545 1279 620; x_wconf 87' lang='lat' dir='ltr'><strong>ab</strong></span> <span class='ocrx_word' id='word_1_10' title='bbox 1292 542 1373 623; x_wconf 80' lang='lat' dir='ltr'><strong>aliis</strong></span> <span class='ocrx_word' id='word_1_11' title='bbox 1386 571 1464 622; x_wconf 85' lang='lat' dir='ltr'><strong>me·</strong></span> 
     </span>
     <span class='ocr_line' id='line_1_3' title="bbox 236 660 1463 768; baseline 0.002 -26"><span class='ocrx_word' id='word_1_12' title='bbox 236 661 335 742; x_wconf 77' lang='lat' dir='ltr'><strong>ullis</strong></span> <span class='ocrx_word' id='word_1_13' title='bbox 355 662 520 740; x_wconf 83' lang='lat' dir='ltr'><strong>liberum</strong></span> <span class='ocrx_word' id='word_1_14' title='bbox 536 661 666 752; x_wconf 81' lang='lat' dir='ltr'><strong>fuerit,</strong></span> <span class='ocrx_word' id='word_1_15' title='bbox 692 660 880 740; x_wconf 79' lang='lat' dir='ltr'><strong>solutione</strong></span> <span class='ocrx_word' id='word_1_16' title='bbox 901 677 939 739; x_wconf 80' lang='lat' dir='ltr'><strong>et</strong></span> <span class='ocrx_word' id='word_1_17' title='bbox 960 662 1279 768; x_wconf 75' lang='lat' dir='ltr'><strong>crystallisatione,</strong></span> <span class='ocrx_word' id='word_1_18' title='bbox 1307 665 1366 743; x_wconf 83' lang='lat' dir='ltr'><strong>uti</strong></span> <span class='ocrx_word' id='word_1_19' title='bbox 1385 695 1463 744; x_wconf 86' lang='lat' dir='ltr'><strong>am·</strong></span> 
     </span>
    </p>
   </div>
   <div class='ocr_carea' id='block_1_3' title="bbox 102 780 1095 887">
    <p class='ocr_par' dir='ltr' id='par_1_3' title="bbox 102 780 1095 887">
     <span class='ocr_line' id='line_1_4' title="bbox 102 780 1095 887; baseline -0.001 -27"><span class='ocrx_word' id='word_1_20' title='bbox 102 792 109 804; x_wconf 89' lang='lat'>&#39;</span> <span class='ocrx_word' id='word_1_21' title='bbox 236 787 411 862; x_wconf 89' lang='lat' dir='ltr'><strong>monium</strong></span> <span class='ocrx_word' id='word_1_22' title='bbox 431 783 673 858; x_wconf 79' lang='lat' dir='ltr'><strong>muriaticum</strong></span> <span class='ocrx_word' id='word_1_23' title='bbox 693 780 929 886; x_wconf 78' lang='lat' dir='ltr'><strong>depuratum,</strong></span> <span class='ocrx_word' id='word_1_24' title='bbox 957 786 1095 887; x_wconf 80' lang='lat' dir='ltr'><strong>parari.</strong></span> 
     </span>
    </p>
   </div>
   <div class='ocr_carea' id='block_1_4' title="bbox 389 903 925 980">
    <p class='ocr_par' dir='ltr' id='par_1_4' title="bbox 389 903 925 980">
     <span class='ocr_line' id='line_1_5' title="bbox 389 903 925 980; baseline -0.006 -1"><span class='ocrx_word' id='word_1_25' title='bbox 389 907 516 980; x_wconf 63' lang='lat' dir='ltr'><strong>Dosa:</strong></span> <span class='ocrx_word' id='word_1_26' title='bbox 541 903 592 976; x_wconf 86' lang='lat' dir='ltr'><strong>ad</strong></span> <span class='ocrx_word' id='word_1_27' title='bbox 609 905 771 977; x_wconf 80' lang='lat' dir='ltr'><em>Granum</em></span> <span class='ocrx_word' id='word_1_28' title='bbox 800 928 925 976; x_wconf 71' lang='lat' dir='ltr'><strong>unane.</strong></span> 
     </span>
    </p>
   </div>
   <div class='ocr_carea' id='block_1_5' title="bbox 479 1211 1260 1481">
    <p class='ocr_par' dir='ltr' id='par_1_5' title="bbox 479 1211 1260 1481">
     <span class='ocr_line' id='line_1_6' title="bbox 479 1211 1260 1318; baseline 0.003 -4"><span class='ocrx_word' id='word_1_29' title='bbox 479 1211 914 1318; x_wconf 84' lang='lat' dir='ltr'><strong>Electuarium</strong></span> <span class='ocrx_word' id='word_1_30' title='bbox 940 1250 967 1315; x_wconf 90' lang='lat' dir='ltr'><strong>e</strong></span> <span class='ocrx_word' id='word_1_31' title='bbox 993 1213 1213 1316; x_wconf 86' lang='lat' dir='ltr'><strong>Senna.</strong></span> <span class='ocrx_word' id='word_1_32' title='bbox 1256 1291 1260 1305; x_wconf 37' lang='lat'><strong><em>1</em></strong></span> 
     </span>
     <span class='ocr_line' id='line_1_7' title="bbox 599 1383 1100 1481; baseline 0 -25"><span class='ocrx_word' id='word_1_33' title='bbox 599 1383 862 1481; x_wconf 79' lang='lat' dir='ltr'><strong>(Electuarium</strong></span> <span class='ocrx_word' id='word_1_34' title='bbox 888 1383 1100 1480; x_wconf 75' lang='lat' dir='ltr'><strong>lem&#39;u&#39;vum.)</strong></span> 
     </span>
    </p>
   </div>
   <div class='ocr_carea' id='block_1_6' title="bbox 237 1553 864 1806">
    <p class='ocr_par' dir='ltr' id='par_1_6' title="bbox 237 1553 864 1806">
     <span class='ocr_line' id='line_1_8' title="bbox 237 1553 864 1660; baseline 0.002 -22"><span class='ocrx_word' id='word_1_35' title='bbox 237 1556 297 1638; x_wconf 80' lang='lat' dir='ltr'><strong>Ii.</strong></span> <span class='ocrx_word' id='word_1_36' title='bbox 351 1553 579 1640; x_wconf 86' lang='lat' dir='ltr'><strong>Caricamm</strong></span> <span class='ocrx_word' id='word_1_37' title='bbox 596 1555 732 1638; x_wconf 86' lang='lat' dir='ltr'><strong>uncias</strong></span> <span class='ocrx_word' id='word_1_38' title='bbox 752 1575 864 1660; x_wconf 71' lang='lat' dir='ltr'><strong>oeto.</strong></span> 
     </span>
     <span class='ocr_line' id='line_1_9' title="bbox 287 1699 689 1806; baseline -0.002 -28"><span class='ocrx_word' id='word_1_39' title='bbox 287 1699 467 1779; x_wconf 77' lang='lat' dir='ltr'><strong>concisas</strong></span> <span class='ocrx_word' id='word_1_40' title='bbox 494 1729 617 1806; x_wconf 87' lang='lat' dir='ltr'><strong>coque</strong></span> <span class='ocrx_word' id='word_1_41' title='bbox 643 1729 689 1778; x_wconf 80' lang='lat' dir='ltr'><strong>ex</strong></span> 
     </span>
    </p>
   </div>
   <div class='ocr_carea' id='block_1_7' title="bbox 351 1840 1075 1958">
    <p class='ocr_par' dir='ltr' id='par_1_7' title="bbox 351 1840 1075 1958">
     <span class='ocr_line' id='line_1_10' title="bbox 351 1840 1075 1958; baseline 0 -32"><span class='ocrx_word' id='word_1_42' title='bbox 351 1840 492 1956; x_wconf 82' lang='lat' dir='ltr'><strong>Aquae</strong></span> <span class='ocrx_word' id='word_1_43' title='bbox 511 1843 739 1928; x_wconf 89' lang='lat' dir='ltr'><strong>communis</strong></span> <span class='ocrx_word' id='word_1_44' title='bbox 754 1841 867 1928; x_wconf 83' lang='lat' dir='ltr'><strong>libiis</strong></span> <span class='ocrx_word' id='word_1_45' title='bbox 885 1863 1075 1958; x_wconf 82' lang='lat' dir='ltr'><strong>quatuor,</strong></span> 
     </span>
    </p>
   </div>
   <div class='ocr_carea' id='block_1_8' title="bbox 184 1979 1462 2212">
    <p class='ocr_par' dir='ltr' id='par_1_8' title="bbox 184 1979 1462 2212">
     <span class='ocr_line' id='line_1_11' title="bbox 184 1979 1462 2094; baseline 0 -30"><span class='ocrx_word' id='word_1_46' title='bbox 184 1979 186 1990; x_wconf 72' lang='grc'><strong>’</strong></span> <span class='ocrx_word' id='word_1_47' title='bbox 235 1987 284 2064; x_wconf 79' lang='lat' dir='ltr'><strong>ad</strong></span> <span class='ocrx_word' id='word_1_48' title='bbox 308 1989 529 2082; x_wconf 71' lang='lat' dir='ltr'><strong>dimidium</strong></span> <span class='ocrx_word' id='word_1_49' title='bbox 569 1992 737 2094; x_wconf 83' lang='lat' dir='ltr'>exprime</span> <span class='ocrx_word' id='word_1_50' title='bbox 763 2005 801 2065; x_wconf 84' lang='lat' dir='ltr'><strong>et</strong></span> <span class='ocrx_word' id='word_1_51' title='bbox 827 1990 922 2066; x_wconf 84' lang='lat' dir='ltr'><strong>cola.</strong></span> <span class='ocrx_word' id='word_1_52' title='bbox 975 1991 1188 2066; x_wconf 86' lang='lat' dir='ltr'><strong>Decoetum</strong></span> <span class='ocrx_word' id='word_1_53' title='bbox 1213 2003 1391 2093; x_wconf 80' lang='lat' dir='ltr'><strong>evaporet</strong></span> <span class='ocrx_word' id='word_1_54' title='bbox 1416 1989 1462 2064; x_wconf 86' lang='lat' dir='ltr'><strong>ad</strong></span> 
     </span>
     <span class='ocr_line' id='line_1_12' title="bbox 234 2095 1051 2212; baseline 0.002 -30"><span class='ocrx_word' id='word_1_55' title='bbox 234 2099 373 2183; x_wconf 84' lang='lat' dir='ltr'><strong>uncias</strong></span> <span class='ocrx_word' id='word_1_56' title='bbox 392 2095 627 2208; x_wconf 78' lang='lat' dir='ltr'><strong>duodecim,</strong></span> <span class='ocrx_word' id='word_1_57' title='bbox 658 2110 699 2182; x_wconf 89' lang='lat' dir='ltr'><strong>in</strong></span> <span class='ocrx_word' id='word_1_58' title='bbox 725 2108 866 2212; x_wconf 83' lang='lat' dir='ltr'><strong>quibus</strong></span> <span class='ocrx_word' id='word_1_59' title='bbox 892 2107 1051 2186; x_wconf 84' lang='lat' dir='ltr'><strong>dissolve</strong></span> 
     </span>
    </p>
   </div>
   <div class='ocr_carea' id='block_1_9' title="bbox 170 2245 1463 3458">
    <p class='ocr_par' dir='ltr' id='par_1_9' title="bbox 170 2245 1463 3458">
     <span class='ocr_line' id='line_1_13' title="bbox 236 2245 1015 2334; baseline -0.003 -2"><span class='ocrx_word' id='word_1_60' title='bbox 236 2322 241 2332; x_wconf 87' lang='lat'>.</span> <span class='ocrx_word' id='word_1_61' title='bbox 353 2246 539 2334; x_wconf 85' lang='lat' dir='ltr'><strong>Sacchari</strong></span> <span class='ocrx_word' id='word_1_62' title='bbox 559 2246 642 2332; x_wconf 89' lang='lat' dir='ltr'>albi</span> <span class='ocrx_word' id='word_1_63' title='bbox 664 2247 801 2333; x_wconf 85' lang='lat' dir='ltr'><strong>uncias</strong></span> <span class='ocrx_word' id='word_1_64' title='bbox 824 2245 1015 2332; x_wconf 84' lang='lat' dir='ltr'><strong>sedecim.</strong></span> 
     </span>
     <span class='ocr_line' id='line_1_14' title="bbox 287 2395 860 2502; baseline 0.002 -32"><span class='ocrx_word' id='word_1_65' title='bbox 287 2395 556 2502; x_wconf 82' lang='lat' dir='ltr'><strong>Huie.syrupo</strong></span> <span class='ocrx_word' id='word_1_66' title='bbox 582 2397 751 2472; x_wconf 87' lang='lat' dir='ltr'><strong>immisce</strong></span> <span class='ocrx_word' id='word_1_67' title='bbox 856 2436 860 2451; x_wconf 93' lang='lat'>·</span> 
     </span>
     <span class='ocr_line' id='line_1_15' title="bbox 350 2530 1140 2650; baseline -0.006 -29"><span class='ocrx_word' id='word_1_68' title='bbox 350 2535 501 2650; x_wconf 87' lang='lat' dir='ltr'><strong>Pulpae</strong></span> <span class='ocrx_word' id='word_1_69' title='bbox 524 2530 862 2620; x_wconf 84' lang='lat' dir='ltr'><strong>Tamarindomm</strong></span> <span class='ocrx_word' id='word_1_70' title='bbox 885 2535 1021 2620; x_wconf 89' lang='lat' dir='ltr'><strong>uncias</strong></span> <span class='ocrx_word' id='word_1_71' title='bbox 1044 2553 1140 2618; x_wconf 87' lang='lat' dir='ltr'>octo</span> 
     </span>
     <span class='ocr_line' id='line_1_16' title="bbox 236 2699 637 2791; baseline -0.012 -27"><span class='ocrx_word' id='word_1_72' title='bbox 236 2701 276 2764; x_wconf 85' lang='lat' dir='ltr'><strong>et</strong></span> <span class='ocrx_word' id='word_1_73' title='bbox 299 2699 491 2791; x_wconf 81' lang='lat' dir='ltr'><strong>postremo</strong></span> <span class='ocrx_word' id='word_1_74' title='bbox 634 2733 637 2738; x_wconf 25' lang='lat' dir='ltr'><em>n</em></span> 
     </span>
     <span class='ocr_line' id='line_1_17' title="bbox 170 2809 1463 2934; baseline -0.004 -25"><span class='ocrx_word' id='word_1_75' title='bbox 170 2809 173 2822; x_wconf 38' lang='lat'><em>¹</em></span> <span class='ocrx_word' id='word_1_76' title='bbox 351 2823 559 2908; x_wconf 85' lang='lat' dir='ltr'><strong>Foliorum</strong></span> <span class='ocrx_word' id='word_1_77' title='bbox 571 2819 726 2908; x_wconf 83' lang='lat' dir='ltr'><strong>Sennae</strong></span> <span class='ocrx_word' id='word_1_78' title='bbox 739 2825 1022 2934; x_wconf 82' lang='lat' dir='ltr'><strong>pulveratorum</strong></span> <span class='ocrx_word' id='word_1_79' title='bbox 1037 2819 1176 2902; x_wconf 84' lang='lat' dir='ltr'><strong>uncias</strong></span> <span class='ocrx_word' id='word_1_80' title='bbox 1187 2835 1360 2934; x_wconf 84' lang='lat' dir='ltr'><strong>quatuor</strong></span> <span class='ocrx_word' id='word_1_81' title='bbox 1374 2855 1463 2904; x_wconf 84' lang='lat' dir='ltr'><strong>eum</strong></span> 
     </span>
     <span class='ocr_line' id='line_1_18' title="bbox 797 2945 1289 3066; baseline -0.004 -33"><span class='ocrx_word' id='word_1_82' title='bbox 797 2945 980 3060; x_wconf 85' lang='lat' dir='ltr'><strong>dimidia,</strong></span> <span class='ocrx_word' id='word_1_83' title='bbox 1283 3057 1289 3066; x_wconf 26' lang='grc' dir='ltr'>Ι</span> 
     </span>
     <span class='ocr_line' id='line_1_19' title="bbox 352 3077 1461 3193; baseline -0.007 -21"><span class='ocrx_word' id='word_1_84' title='bbox 352 3083 526 3174; x_wconf 85' lang='lat' dir='ltr'><strong>Seminis</strong></span> <span class='ocrx_word' id='word_1_85' title='bbox 540 3081 656 3168; x_wconf 83' lang='lat' dir='ltr'><strong>Anisi</strong></span> <span class='ocrx_word' id='word_1_86' title='bbox 674 3079 821 3166; x_wconf 84' lang='lat' dir='ltr'><strong>stellati</strong></span> <span class='ocrx_word' id='word_1_87' title='bbox 839 3085 1025 3193; x_wconf 78' lang='lat' dir='ltr'><strong>pulverati</strong></span> <span class='ocrx_word' id='word_1_88' title='bbox 1050 3079 1213 3164; x_wconf 83' lang='lat' dir='ltr'><strong>unciam</strong></span> <span class='ocrx_word' id='word_1_89' title='bbox 1236 3077 1461 3164; x_wconf 83' lang='lat' dir='ltr'><strong>dimidiam.</strong></span> 
     </span>
     <span class='ocr_line' id='line_1_20' title="bbox 288 3225 1461 3334; baseline -0.003 -26"><span class='ocrx_word' id='word_1_90' title='bbox 288 3233 373 3308; x_wconf 81' lang='lat' dir='ltr'><strong>Fiat</strong></span> <span class='ocrx_word' id='word_1_91' title='bbox 383 3231 630 3308; x_wconf 78' lang='lat' dir='ltr'><strong>electuarium</strong></span> <span class='ocrx_word' id='word_1_92' title='bbox 642 3258 663 3309; x_wconf 91' lang='lat' dir='ltr'><strong>e</strong></span> <span class='ocrx_word' id='word_1_93' title='bbox 674 3227 785 3305; x_wconf 83' lang='lat' dir='ltr'><strong>viridi</strong></span> <span class='ocrx_word' id='word_1_94' title='bbox 796 3227 963 3317; x_wconf 77' lang='lat' dir='ltr'><strong>fuscum,</strong></span> <span class='ocrx_word' id='word_1_95' title='bbox 978 3227 1084 3331; x_wconf 91' lang='lat' dir='ltr'><strong>quod</strong></span> <span class='ocrx_word' id='word_1_96' title='bbox 1094 3225 1180 3308; x_wconf 84' lang='lat' dir='ltr'>loco</span> <span class='ocrx_word' id='word_1_97' title='bbox 1192 3227 1330 3334; x_wconf 78' lang='lat' dir='ltr'><strong>frigido</strong></span> <span class='ocrx_word' id='word_1_98' title='bbox 1343 3255 1461 3320; x_wconf 80' lang='lat' dir='ltr'><strong>serva,</strong></span> 
     </span>
     <span class='ocr_line' id='line_1_21' title="bbox 237 3365 578 3458; baseline -0.009 -29"><span class='ocrx_word' id='word_1_99' title='bbox 237 3379 286 3430; x_wconf 87' lang='lat' dir='ltr'><strong>ne</strong></span> <span class='ocrx_word' id='word_1_100' title='bbox 299 3365 578 3458; x_wconf 79' lang='lat' dir='ltr'><strong>corrumpatur.</strong></span> 
     </span>
    </p>
   </div>
   <div class='ocr_carea' id='block_1_10' title="bbox 453 3657 1239 3765">
    <p class='ocr_par' dir='ltr' id='par_1_10' title="bbox 453 3657 1239 3765">
     <span class='ocr_line' id='line_1_22' title="bbox 453 3657 1239 3765; baseline -0.001 -2"><span class='ocrx_word' id='word_1_101' title='bbox 453 3659 878 3765; x_wconf 85' lang='lat' dir='ltr'><strong>Electuariam</strong></span> <span class='ocrx_word' id='word_1_102' title='bbox 917 3657 1239 3765; x_wconf 86' lang='lat' dir='ltr'><strong>Theriaea.</strong></span> 
     </span>
    </p>
   </div>
   <div class='ocr_carea' id='block_1_11' title="bbox 237 3825 989 4084">
    <p class='ocr_par' dir='ltr' id='par_1_11' title="bbox 237 3825 989 4084">
     <span class='ocr_line' id='line_1_23' title="bbox 237 3825 989 3974; baseline -0.005 -30"><span class='ocrx_word' id='word_1_103' title='bbox 237 3863 297 3944; x_wconf 84' lang='lat' dir='ltr'><strong>R.</strong></span> <span class='ocrx_word' id='word_1_104' title='bbox 340 3857 491 3947; x_wconf 79' lang='lat' dir='ltr'><strong>-Mellis</strong></span> <span class='ocrx_word' id='word_1_105' title='bbox 515 3855 741 3974; x_wconf 85' lang='lat' dir='ltr'><strong>despumati</strong></span> <span class='ocrx_word' id='word_1_106' title='bbox 763 3857 883 3940; x_wconf 84' lang='lat' dir='ltr'><strong>libras</strong></span> <span class='ocrx_word' id='word_1_107' title='bbox 906 3825 989 3941; x_wconf 84' lang='lat' dir='ltr'><strong>sex.</strong></span> 
     </span>
     <span class='ocr_line' id='line_1_24' title="bbox 287 4003 886 4084; baseline -0.01 0"><span class='ocrx_word' id='word_1_108' title='bbox 287 4003 493 4084; x_wconf 80' lang='lat' dir='ltr'><strong>Paululum</strong></span> <span class='ocrx_word' id='word_1_109' title='bbox 519 4005 698 4084; x_wconf 80' lang='lat' dir='ltr'><strong>calefacto</strong></span> <span class='ocrx_word' id='word_1_110' title='bbox 725 4004 886 4082; x_wconf 80' lang='lat' dir='ltr'><strong>admisce</strong></span> 
     </span>
    </p>
   </div>
   <div class='ocr_carea' id='block_1_12' title="bbox 0 0 1701 4742">
    <p class='ocr_par' dir='ltr' id='par_1_12' title="bbox 0 0 1701 4742">
     <span class='ocr_line' id='line_1_25' title="bbox 0 0 1701 4742; baseline 0 0"><span class='ocrx_word' id='word_1_111' title='bbox 0 0 1701 4742; x_wconf 95' lang='lat' dir='ltr'><strong> </strong></span> 
     </span>
    </p>
   </div>
  </div>
 </body>
</html>
