3346 4722
610 341 973 455 .·(266)

360 551 473 632 acidis
499 549 741 628 solubilc.P
710 555 934 656 Rspec=
888 555 1061 639 =,.l93
1090 550 1148 624 Ad
1174 576 1283 626 usum
1313 506 1487 654 pbarrna-

361 673 552 748 ceuticum
577 698 714 748 aurum
739 671 966 747 ducatorum
985 671 1213 746 Batavorum
1233 671 1319 746 sotis
1344 697 1487 774 purum

245 857 249 862 .
361 789 594 866 adhibeatur.

262 1103 568 1195 Calendula.
586 1103 786 1189 Herba.
847 1051 1318 1218 Iliugnlblunwulrmui.

320 1235 554 1359 Calendula
571 1266 799 1384 officinalis
817 1267 951 1352 Lina.
997 1280 1133 1352 Planta
1166 1304 1291 1352 annua
1317 1279 1490 1378 Europae
1546 1271 1553 1286 ’

318 1402 499 1498 australis,
532 1400 634 1500 apud
656 1426 721 1472 nos
745 1405 784 1473 in
810 1399 919 1474 horus
943 1399 1052 1472 crdta.
1284 1414 1288 1423 '

414 1553 543 1632 Herba
566 1553 729 1643 florens,
764 1553 866 1630 foliis
894 1553 1046 1630 alternis
1071 1549 1265 1654 oblongis,
1299 1549 1378 1626 basi
1399 1563 1489 1626 atte-

364 1676 502 1763 nuatis,
525 1672 873 1777 amplexicsulibus,
896 1673 1055 1763 obtusis,
1077 1667 1402 1757 subdenticulntis,
1417 1695 1490 1744 scn-

290 1797 293 1804 '
364 1791 456 1880 bris,
484 1791 643 1866 floribus
669 1794 900 1896 compositis,
931 1791 1069 1902 calycis
1095 1788 1236 1866 foliolis
1257 1785 1487 1898 aequalibus,

364 1907 532 1987 flosculis
559 1907 697 1985 coloris
729 1911 949 1999 aurantinci,
978 1909 1185 1986 seminibus
1212 1930 1290 1985 non
1316 1907 1488 2011 popponis

367 2029 544 2108 omnibus
562 2031 742 2118 incurvis,
768 2029 894 2108 odoris
911 2031 1047 2132 gravis.
1085 2022 1302 2130 Colligendo
1322 2025 1490 2102 antello

365 2173 453 2224 rum
473 2147 744 2226 evolutionem.

265 2475 572 2562 Castoreum
602 2471 923 2559 Canadense.
973 2465 1467 2588 Englisches'Bibergcil.
1563 2487 1567 2496 '

323 2639 471 2725 Castor
482 2637 526 2722 F
525 2639 615 2722 iber
630 2631 762 2722 Lirin.

417 2822 635 2900 Substantia
654 2819 838 2912 animalis,
864 2846 994 2897 recens
1011 2817 1264 2910 molliuscula,
1292 2820 1400 2910 flurs,
1429 2847 1491 2896 cx·

207 2983 213 3004 =
367 2926 501 3018 siccata
514 2955 721 3046 compacto,
737 2937 909 3029 friabilis,
925 2937 1058 3016 eluuo
1072 2933 1193 3028 fusca,
1209 2936 1335 3016 odoris
1346 2941 1500 3044 proprii¹

367 3061 538 3135 nauseosi
544 3117 554 3149 ,
574 3063 716 3163 saporis
729 3061 962 3134 amaricantis
977 3059 1159 3147 subacris,
1175 3059 1217 3132 in
1230 3055 1410 3136 folliculis
1423 3059 1489 3135 ob-

368 3177 505 3280 longis,
531 3175 743 3254 minoribus
762 3205 804 3253 ac
823 3181 891 3280 qui
911 3205 957 3253 ex
971 3175 1107 3254 Sibiria
1120 3175 1353 3266 adferuntur,
1379 3180 1490 3254 sicon-

369 3298 431 3388 tis,
452 3299 492 3371 in
506 3295 631 3374 medio
646 3299 758 3388 cavis,
780 3311 932 3374 secreta.
961 3295 1062 3372 Cave
1074 3322 1123 3371 ne
1136 3295 1393 3372 confundatur
1405 3323 1492 3373 cum
1644 3293 1646 3304 '

370 3411 550 3492 folliculis
565 3414 737 3507 facticiis,
759 3443 915 3493 emussa
933 3419 1097 3494 resinosa
1115 3427 1156 3492 ct
1164 3415 1390 3492 membranis
1403 3441 1491 3492 oon·

368 3533 499 3612 voluta
518 3531 711 3610 confectis.

209 3890 212 3898 ¹
269 3845 464 3938 Citrus.
495 3842 705 3932 Cortex.
753 3843 1099 3930 Ciuomnschale.

327 3995 467 4080 Curru
485 3994 647 4078 mun
666 3991 799 4078 Lina.
