3352 4736
722 267 926 409 (223)

203 490 310 554 caute
337 477 482 552 mixtas.
531 473 732 552 Destillent
759 469 899 552 unciae
923 466 1082 578 triginta
1103 495 1185 552 sex.
1223 477 1263 554 Si
1284 478 1433 554 aeidum
1537 520 1540 532 ·

202 609 268 672 aut
293 621 524 714 manganum
545 598 786 672 muriaticum
809 596 986 685 adsuerit,
1017 594 1242 673 destillatum
1261 625 1400 702 supra

321 733 545 843 Magnesiae
569 755 678 817 ustae
701 736 862 818 unciam
888 763 1011 818 unam

203 880 384 956 rectificat.
426 881 472 954 In
497 883 602 956 vitris
627 881 724 956 bene
749 881 935 961 obturatis
961 895 1142 990 senetur.
1253 869 1255 875 Α

252 995 313 1076 Sit
332 997 528 1102 limpidus,
560 1013 597 1075 et
618 999 755 1076 coloris
782 1014 819 1076 et
840 1002 934 1076 acidi
955 1027 1026 1076 nec
1048 1025 1126 1076 non
1149 1006 1322 1105 mangeni
1347 1029 1432 1078 mu·

205 1119 325 1195 riatici
340 1145 484 1222 expers,
507 1117 612 1220 quod
625 1117 774 1222 liquore
792 1123 934 1222 argenti
954 1121 1078 1196 uitrici
1098 1134 1135 1196 et
1153 1119 1227 1196 kalt
1240 1122 1431 1198 carbonici

203 1237 449 1340 dignoscitur.
484 1237 526 1313 P.
544 1264 644 1342 spec.
659 1273 705 1308 =
719 1249 756 1328 0,
767 1241 930 1328 835-03
942 1242 1030 1314 845.

324 1457 612 1610 Spiritus
664 1463 1309 1572 uitrico-aethereus.

598 1629 762 1729 (Spai'itus
774 1630 820 1705 N
817 1633 877 1700 im·
891 1629 1037 1730 didus.)

205 1782 265 1864 R.
322 1777 596 1892 SpiritusVini
610 1777 926 1876 rectificatissimi
939 1782 1075 1868 uncias
1090 1783 1427 1898 vigintiquatuor.

257 1926 378 2004 Caute
402 1929 516 2002 misce
542 1953 631 2002 eum
1150 1949 1152 1954 ·

221 2101 224 2108 ⁴
291 2135 293 2140 ,
319 2061 440 2148 Acidi
464 2065 597 2147 uitrici
621 2061 736 2147 crudi
759 2065 889 2147 unciis
910 2093 994 2148 sex.

256 2209 454 2287 Destillent
485 2238 531 2287 ex
559 2223 697 2286 retorta
723 2237 812 2286 cum
837 2209 1012 2316 excipulo
1036 2209 1163 2316 amplo
1185 2213 1282 2289 bene
1301 2212 1429 2318 juncta

204 2334 292 2434 igne
317 2328 510 2406 lenissimo¹
534 2322 674 2402 unciae
688 2319 846 2434 viginti,
877 2355 970 2432 quas
996 2355 1112 2434 supra

316 2465 545 2578 Magnesiae
568 2488 678 2550 ustae
698 2468 859 2550 unciam
876 2463 1090 2551 ¹dimidiam

205 2615 381 2706 rectifica,
409 2628 447 2689 et
464 2617 504 2691 in
521 2613 701 2716 ingenulis
719 2613 871 2718 repletis
889 2642 932 2691 ac
949 2613 1046 2690 bene
1063 2615 1247 2693 obturatis
1259 2613 1346 2694 loco
1359 2617 1428 2694 tri-

204 2733 293 2838 gido
316 2760 434 2809 sema.

256 2852 315 2928 Sit
331 2850 524 2956 limpidus,
547 2839 683 2926 coleris
698 2875 843 2953 expers,
864 2864 902 2926 et
920 2849 1042 2941 acido,
1067 2865 1252 2954 quantum
1265 2852 1346 2929 fieri
1358 2881 1426 2960 po·

204 2983 289 3060 test,
310 2967 420 3046 liber.
466 2971 505 3044 P.
521 2995 618 3074 spec„
631 3003 676 3038 =
691 2973 901 3060 usto-0,
913 2973 1001 3044 850.

466 3198 751 3340 Spiritus
799 3221 1156 3341 seponatus.

206 3397 264 3478 R.
321 3391 489 3506 Saponis
511 3391 715 3504 Hispanici
734 3391 816 3476 albi
832 3403 903 3478 rasi
920 3391 1063 3478 libram
1082 3423 1219 3506 unam,

319 3521 493 3636 Spiritus
509 3522 605 3610 Vini
628 3519 834 3606 rectificati
857 3522 976 3607 libras
995 3543 1089 3638 tres,

317 3652 459 3768 Aquae
474 3651 668 3740 Rosamm
691 3651 833 3737 libram
857 3683 995 3738 unam.
1094 3754 1102 3770 Ι

256 3799 371 3878 solve
397 3799 599 3902 digerendo
625 3813 663 3876 et
688 3797 797 3876 filtra.

254 3919 345 3996 Esto
370 3917 563 4024 limpidus,
591 3947 634 3996 ac
660 3919 787 3996 colore
812 3919 1044 3996 flavescente.
