3352 4736
769 293 972 410 (aaa)

374 508 516 624 Aquae
535 509 763 594 eommunis
780 515 947 594 fervidae
972 505 1084 593 libris
1105 506 1247 594 deoem

260 673 448 780 repletum
473 675 615 777 ingere,
644 688 682 751 et
700 701 768 778 per
783 666 903 748 horae
919 662 1201 779 quadrantem,
1222 671 1395 780 spathula
1406 703 1487 753 mo·

258 793 397 882 vendo,
417 794 601 897 decoque.
629 794 839 897 Liquorem
852 797 1059 870 etiamnum
1070 794 1260 871 fervidum
1273 789 1385 870 filtra.
1412 795 1489 872 Re:

259 911 481 1016 frigentum
500 941 523 987 a
542 915 787 1019 praecipitato
807 928 941 1018 sponte
960 927 1049 1014 nato
1071 941 1144 1020 ope
1165 913 1256 990 filtri
1277 927 1487 1019 separatum

259 1059 398 1110 massae
413 1035 453 1108 in
475 1029 577 1108 filtro
593 1035 719 1137 priore
738 1033 908 1110 residuae
925 1033 1134 1126 reass'unde‚
1154 1033 1325 1110 addendo

373 1169 515 1304 Aquae
532 1191 760 1272 communis
785 1201 1121 1300 quantum-suffieit

258 1371 304 1436 ut
326 1357 475 1464 pondus
496 1355 658 1460 liquoris
681 1360 730 1435 ait
759 1346 953 1432 librarum
984 1367 1096 1457 oot0‚
1136 1357 1262 1436 denuo
1286 1385 1355 1464 per
1369 1349 1487 1434 horae
1636 1387 1639 1396 ⁴

89 1531 96 1538 -
134 1495 136 1502 ’
260 1465 524 1582 quadrantem
541 1504 665 1581 eoque
686 1489 724 1553 et
744 1475 857 1568 filtra,
886 1490 924 1553 et
945 1475 1043 1553 hano
1066 1479 1326 1580 operationem
1348 1489 1488 1584 quater

260 1610 401 1701 repete.
440 1599 684 1702 Praecipitate
701 1595 760 1674 hia
778 1593 971 1675 laboribus
991 1597 1128 1698 genita,
1158 1585 1278 1702 Aqua
1292 1583 1488 1671 destillata

259 1715 384 1819 tepida
396 1713 523 1804 ablue,
552 1717 652 1790 inter
664 1713 831 1816 chartam
848 1713 1020 1791 bibulam
1037 1741 1167 1820 preme
1184 1743 1229 1791 ae
1246 1717 1288 1790 in
1305 1713 1392 1794 loeo
1409 1743 1489 1794 um·

258 1834 388 1922 broso,
411 1847 664 1942 temperatura
677 1833 745 1906 200
757 1831 859 1908 haud
873 1832 1091 1926 excedente,
1111 1835 1272 1924 exsicca,
1297 1849 1334 1912 et
1351 1837 1392 1912 in
1404 1861 1488 1912 vaae

260 1953 359 2028 bene
372 1950 500 2029 clauso
512 1951 599 2028 loeo
613 1951 795 2029 umbroso
808 1979 925 2030 aerva.

253 2167 257 2175 ι
311 2071 369 2148 Sit
381 2069 506 2176 pulvis
519 2071 680 2162 subtilis,
699 2069 805 2162 levis,
827 2073 1111 2162 rubro-fuscus,
1135 2072 1333 2176 insipidus.

546 2409 838 2551 Syrupus
881 2407 1198 2512 Althaeae.

261 2629 319 2710 R.
375 2623 533 2714 Radiois
549 2626 739 2714 Althaeae
766 2637 1009 2714 decorticatae
1035 2629 1172 2712 uncias
1188 2625 1301 2712 duas.

311 2791 476 2868 Infunde
579 2867 583 2876 ,
850 2898 855 2908 Ι

376 2948 517 3062 Aquae
537 2951 765 3034 communis
781 2809 947 3033 &er
973 2947 1093 3032 libras
1109 2947 1203 3033 tre'S.

311 3113 400 3187 Post
426 3109 747 3213 refrigerationem
772 3126 811 3228 et
835 3109 918 3190 oola
942 3113 984 3187 in
1010 3111 1180 3190 colatura
1205 3113 1308 3192 solve

377 3265 562 3352 Sacebari
584 3267 667 3352 albi
690 3267 810 3354 libras
834 3289 1022 3384 quatuor.

313 3425 415 3509 Tum
441 3431 533 3508 adde

375 3587 560 3674 Ovorum
578 3599 788 3674 recentium
809 3595 1051 3674 albuminain
1071 3625 1244 3704 spumam
1268 3599 1416 3676 redacta

825 3735 996 3790 numero
1019 3705 1119 3791 duo.

314 3837 462 3938 Coque,
486 3837 664 3943 despuma
683 3847 721 3910 et
738 3831 820 3910 cola
837 3848 882 3910 ut
900 3833 965 3910 fiat
980 3861 1147 3942 ayrupua
1164 3835 1379 3916 flavescens.
