3352 4736
495 317 918 440 »(168)

511 539 889 642 Extractum
926 537 1119 645 siloes.

106 801 110 808 -
204 739 262 821 R.
318 735 441 822 Aloo's
458 731 616 856 lucidae
632 735 778 850 libram
797 735 1025 824 dimidiam.

254 877 302 950 In
327 873 525 982 pulverem
550 875 720 952 reductae
745 875 898 953 ellunde

317 1004 459 1136 Aquae
478 1001 699 1090 destillatse
718 1003 838 1090 libras
858 1001 973 1124 duas.

253 1153 406 1230 Macere
431 1177 500 1258 per
526 1141 788 1258 qimdsugintu
804 1163 901 1230 octo
918 1153 1043 1244 horos,
1071 1157 1220 1260 saepius
1246 1153 1433 1260 agitando,

202 1289 241 1352 et
258 1272 388 1376 liquor
407 1271 634 1352 subsidendo
648 1271 854 1379 depuratus
867 1287 908 1352 et
920 1273 1065 1353 solatus
1084 1275 1125 1350 in
1137 1271 1276 1354 balneo
1288 1277 1437 1380 vaporis

204 1393 250 1472 ad
282 1394 562 1500 consistentiam
592 1419 733 1472 messae
762 1393 933 1500 pilulnnis
964 1407 1163 1500 evaporet,
1195 1409 1280 1470 tum
1312 1399 1437 1472 exime

200 1529 239 1592 et
259 1513 336 1591 leni
359 1509 485 1590 calore
503 1514 550 1589 nd
570 1539 654 1590 eam
678 1512 911 1606 densitatem,
941 1528 986 1592 ut
1009 1511 1202 1622 pulverari
1224 1529 1352 1620 quest,
1377 1541 1437 1592 ex·

203 1637 315 1714 sicca.

253 1752 404 1831 Coloris
431 1757 480 1831 sit
505 1755 619 1844 fusci,
658 1753 914 1832 madefactum
940 1753 1069 1840 colore
1093 1754 1193 1832 flavo
1215 1757 1433 1858 inquinans,

200 1899 334 1982 sopore
357 1871 471 1951 nloie's.

252 2002 397 2079 Eodem
422 1999 538 2079 modo
563 2017 769 2108 parentur:

202 2131 581 2238 Extractum
599 2133 927 2281 Myrrhae,
957 2153 1432 2261 quodsiterusofuseum,

745 2278 980 2381 marginibus
1008 2273 1224 2390 pellacem,
1264 2277 1306 2352 in
1337 2306 1437 2382 nque

631 2399 636 2406 ’
747 2395 939 2476 solutione
967 2397 1048 2476 fere
1076 2395 1231 2503 limpida
1256 2395 1433 2488 solubile,

748 2517 875 2595 odoris
901 2529 939 2594 et
956 2519 1099 2622 soporis
1121 2515 1317 2624 myrrhse3
1347 2531 1386 2597 et

612 2641 789 2788 Opil,
821 2663 928 2767 quod
951 2667 1000 2742 sit
1024 2663 1191 2751 fuscum,
1220 2659 1432 2768 splendens,

593 2799 602 2810 '
746 2783 999 2861 madefactum
1031 2781 1160 2860 colore
1193 2781 1468 2862 flavo-fusco

747 2907 965 3009 inquinans,
978 2903 1107 2991 odore,
1117 2905 1435 3008 praesertimvero

747 3051 881 3131 sapore
894 3027 986 3134 opii.
1015 3023 1133 3101 Caute
1147 3036 1330 3100 servetur.

412 3283 788 3386 Extractum
826 3277 1228 3407 Casuarillae.

202 3501 262 3584 R.
316 3497 490 3587 Corticis
509 3495 742 3584 Cascatilloe
761 3507 938 3584 minutim
960 3507 1109 3584 contusi
1135 3495 1281 3586 libram
1295 3527 1433 3582 unum.

251 3629 422 3707 Aliunde
1415 3627 1422 3642 '

316 3749 457 3865 Aquae
476 3751 705 3834 communis
728 3747 849 3834 libras
868 3745 1060 3834 sedecim.
1099 3753 1108 3772 ‘

253 3889 436 3992 Decoque
458 3886 505 3965 od
535 3889 803 3966 remanentiam
834 3877 1026 3968 librarum
1046 3901 1143 3966 octo
1173 3909 1211 3971 et
1231 3889 1328 3970 coln.
1362 3891 1436 3968 Re·

203 4007 355 4086 siduum
380 4007 507 4088 denuo
534 4037 623 4088 oum
