3372 4722
795 329 968 444 (14)

256 597 260 604 ·
369 583 569 682 Pag.128.
607 543 871 654 Acidum
926 539 1423 694 phosphoricum

269 712 665 862 depuratum.
725 736 884 811 Initium
923 741 977 814 sic
1009 758 1115 815 mum
1263 751 1268 758 ·

269 937 328 1022 R.
388 934 528 1023 Cornu
548 931 668 1020 Cervi
692 934 773 1018 usti
801 929 884 1015 albi
907 937 1148 1016 subtilissime
1169 934 1356 1042 pulverati
1375 925 1495 1014 libras

371 1175 475 1252 Adde
505 1197 577 1252 etc.
851 1087 1034 1175 qmnque

321 1330 367 1404 In
393 1325 473 1402 fine
498 1322 631 1400 verba:
669 1321 832 1396 admixto
856 1319 959 1394 acido
990 1321 1112 1394 m'trico
1139 1315 1235 1394 dele.
1373 1417 1378 1428 ι

371 1523 584 1672 Pag.128.'
637 1541 913 1650 Acidum
971 1541 1494 1690 phosphoricum

273 1746 520 1855 purum.
600 1722 727 1803 Verba
758 1749 845 1826 pag.
872 1728 965 1797 129:
1027 1727 1127 1800 Cave
1165 1735 1218 1798 ne·
1243 1723 1384 1798 aeidum
1421 1745 1491 1800 etc.

272 1872 326 1945 sie
350 1887 456 1942 muta

324 1985 425 2061 Cave
460 2009 508 2058 ne
535 1975 685 2055 acidum
718 1975 898 2049 nitricum
923 1975 1137 2048 immixtum
1162 1977 1223 2062 sit,
1265 1972 1369 2074 quod
1395 1971 1496 2051 solu.

273 2105 376 2180 tione
400 2098 625 2206 hydrargyri
648 2091 719 2169 sub
745 2089 960 2168 evolutione
984 2093 1077 2193 gasis
1099 2077 1224 2166 uitrici
1250 2089 1492 2194 dignoscitur.

373 2321 462 2449 rag.
491 2353 576 2420 132.
617 2316 846 2424 Aether
878 2315 1359 2464 phosphoratus.
1393 2344 1495 2420 Loco

273 2480 499 2558 verborum:
528 2505 600 2552 non
625 2481 728 2551 miru's
752 2479 817 2549 Δία
840 2503 921 2581 rep.

425 2594 607 2702 quamdiu
636 2593 878 2698 phosphoms
904 2622 981 2670 non
1009 2593 1230 2670 demittitur.

375 2850 576 2948 Pag.132.
629 2819 860 2925 Aether
903 2819 1343 2968 sulphurictls.
1409 2849 1498 2922 Post

273 2980 388 3058 verba
413 2986 611 3081 pag.133:
654 2984 704 3055 Irt
731 2989 829 3056 vasis
855 2986 941 3056 bene
964 2983 1094 3056 clateris
1118 3009 1224 3055 serva
1250 2983 1371 3088 insere

324 3105 460 3174 Parare
487 3123 643 3198 quoque
669 3095 757 3174 licet
781 3127 828 3173 ex
854 3098 1001 3174 aethere
1026 3097 1248 3201 sulphurico
1266 3095 1399 3186 crudo,
1439 3123 1496 3172 re·

275 3215 498 3294 ctifieatione
524 3214 637 3290 modo
663 3241 776 3319 supra
802 3217 902 3294 dicto
937 3237 1104 3319 peracta,
1142 3219 1215 3293 nisi
1241 3215 1382 3293 crudus
1410 3241 1497 3291 cum

276 3337 447 3440 sequenti
472 3325 719 3436 descriptibne
746 3337 955 3409 conveniat.

375 3585 464 3685 pag.
492 3585 577 3657 135.
635 3561 1029 3664 Ammonium
1084 3561 1534 3665 muriaticum'

277 3715 397 3863 dep
413 3757 448 3820 u
464 3743 612 3824 ratu
627 3763 698 3823 In.
767 3745 871 3822 Loco
904 3745 1127 3823 verborumt
1175 3749 1499 3850 Hydmcltloretttm

276 3881 460 3956 Ammonit‘
483 3879 694 3980 depwatam
718 3906 799 3982 rep.

430 3995 699 4095 Hydrocltloms
723 4003 939 4074 ammonicus
962 3999 1170 4102 depuratus.
