3352 4736
760 271 963 388 (ιιι)

250 483 366 573 selue.
394 479 648 560 Tumsolutio
661 477 836 572 filtretur,
851 482 941 558 etin
955 477 1149 586 crystallus
1163 477 1367 584 redigetur,
1381 507 1476 584 quas

220 639 223 650 ·
254 602 428 682 collectae
441 599 710 706 ablutusque
682 627 791 678 eruca.

301 721 388 802 Sint
412 719 577 828 crystalli
602 747 771 823 magnae,
806 717 942 796 coloris
971 730 1156 822 expertes,
1189 685 1446 822 diaplranaes
1434 744 1475 792 ιιι

173 865 178 878 ·
251 867 370 946 aquae
383 829 566 946 partibus
585 826 743 920 duabus
760 835 953 929 solubiles,
974 839 1116 941 saporis
1129 837 1360 914 amaricantis
1374 835 1473 928 salsi,

250 960 297 1036 ab
324 961 615 1062 inquinamentis
640 955 834 1034 metallicis
859 982 1028 1061 prorsus,
1061 953 1265 1032 acalcaria
1289 956 1472 1044 tettalias,
1614 1031 1619 1041 ,

251 1091 437 1182 quantum
463 1077 543 1153 fieri
560 1089 696 1180 potest,
724 1073 878 1164 liberae,
902 1074 1020 1178 quod,
1048 1075 1105 1150 uti
1126 1076 1167 1148 in
1186 1072 1261 1149 lrali
1282 1077 1471 1164 urtarico,

253 1195 484 1302 exploratur.

528 1399 834 1500 Tartarus
876 1389 1197 1499 stibiatus

412 1569 609 1668 (Tartarus
627 1569 807 1640 enretr'cns.
841 1565 991 1638 Tarta-as
1010 1563 1318 1662 kobbo-sulum.)

253 1731 310 1814 R.
367 1725 489 1814 stibii
512 1723 678 1838 oxydati
698 1725 828 1836 grisei,
941 1723 943 1728 '

366 1857 520 1941 Tartari
544 1853 742 1971 depurati‚

365 1987 505 2101 Aquae
529 1985 750 2071 destillatae
776 1989 1013 2096 singulorum
1037 1985 1173 2070 uncias
1192 2005 1380 2100 quatuor.

303 2141 349 2214 In
366 2167 451 2216 vase
472 2119 712 2244 porcellnneo
731 2141 848 2216 mixta
866 2138 1082 2240 digerantur
1097 2165 1165 2243 per
1189 2131 1346 2239 horam,
1374 2135 1471 2215 caln-

253 2285 335 2333 rem
351 2257 423 2335 sub
442 2257 557 2332 finem
576 2257 622 2330 ad
642 2257 710 2331 80Ο
724 2256 907 2360 augend0.
946 2244 1049 2332 Tum
1066 2256 1158 2332 adde

364 2399 506 2514 Aquae
527 2397 746 2482 destillane
771 2407 935 2484 fervidae
955 2423 1147 2518 ¹quantum
1168 2414 1268 2500 eatis,
1299 2407 1302 2414 ’

252 2580 297 2639 ut
315 2562 465 2666 pondus
484 2565 601 2639 totius
619 2561 778 2664 liquoris
799 2557 923 2638 adhuc
942 2559 1049 2637 calidi
1071 2559 1196 2638 filtrati
1217 2566 1264 2639 sit
1281 2551 1471 2638 librarum

253 2673 450 2788 quinque,
473 2677 1041 2786 quemlegeartisincrystallos
1054 2679 1192 2783 redige.
1227 2683 1303 2760 Has
1318 2685 1418 2761 tritus
1431 2687 1471 2760 in

365 2817 505 2934 Aquae
530 2817 748 2904 destillatae
773 2823 930 2927 ffigidae
954 2817 1132 2930 partibus
1153 2817 1388 2933 quindecim

250 2963 365 3041 solve.
393 2965 541 3066 Liquor
558 2965 716 3041 filtratus
739 2962 864 3038 denuo
882 2965 922 3036 in
940 2962 1132 3069 crystallus
1150 2965 1353 3067 redigatur,
1377 2994 1469 3070 qua·

252 3111 338 3159 rum
350 3079 551 3160 albissimus
563 3084 604 3156 in
615 3081 812 3186 pulverem
825 3078 1111 3168 subtilissimum
1122 3096 1202 3160 tere
1214 3085 1255 3158 in
1264 3085 1363 3164 vitra
1372 3086 1478 3162 bene.

253 3200 429 3278 obturato
448 3213 556 3274 caute
573 3197 809 3276 servandum.

302 3320 360 3398 Su
372 3317 497 3424 pulvis
509 3315 732 3408 albissimus
747 3343 841 3392 aeras
851 3315 1111 3393 humiditatem
1119 3345 1199 3396 nun
1212 3281 1470 3411 attrahens,in

34 3403 44 3406 ⁸
88 3411 97 3416 i
133 3417 141 3420 ’
250 3451 369 3528 alutae
393 3423 572 3528 partibus
586 3422 821 3538 quindecim
839 3433 1023 3527 solubilis,
1047 3449 1219 3514 atartaro
1233 3437 1428 3542 deputato,
1447 3469 1469 3515 a

251 3542 408 3620 calearia
428 3557 611 3638 tartarina,
634 3575 705 3626 nee
723 3579 803 3630 non
822 3553 900 3628 alr
889 3557 1179 3656 inquinamentis
1196 3555 1390 3636 metallicis
1403 3556 1464 3634 he·

250 3665 457 3766 terogeneis
481 3663 593 3768 plane
617 3664 728 3760 liber,
757 3671 1001 3772 quodmodo
1026 3701 1146 3778 supra
1159 3675 1261 3752 dieto
1282 3674 1468 3781 explorari

112 3835 115 3840 ·
250 3797 387 3885 potest.

403 3903 529 3978 Dosis:
553 3905 606 3979 ad
622 3879 747 3982 Gmna
769 3912 846 3982 trin.
