3392 4742
216 523 477 656 Myrrha.
537 539 728 655 Myrrlre.

502 725 637 802 Sucous
649 733 732 818 oiim
744 723 981 800 condensatus
989 713 1036 798 A
1037 717 1162 826 myris
1172 711 1319 830 Kalos
1322 715 1368 800 F
1363 715 1471 802 orslt.

500 849 633 920 arbores
654 849 691 920 in
703 847 869 948 Aegypto
884 851 1062 949 superiore
1078 863 1115 920 et
1127 849 1174 925 N
1172 849 1252 922 ubic
1270 847 1470 948 indigenae.

399 1019 712 1097 Gummi-resina
745 1019 786 1093 in
818 1017 946 1095 frustis
979 1023 1088 1096 nucis
1124 1017 1310 1095 avellanae
1344 1035 1381 1097 et
1413 1020 1474 1124 ju·

349 1137 491 1244 glandis
517 1138 794 1242 magnitudine,
830 1135 1010 1230 friabilis,
1046 1138 1157 1229 levis,
1193 1137 1470 1246 subpellucida,

348 1257 619 1348 fusco-rubra,
647 1255 808 1334 subinde
832 1257 988 1336 maculis
1009 1261 1134 1364 parvis
1156 1257 1250 1336 albis
1273 1261 1470 1351 immixtis,

348 1379 658 1483 pingui-nitens,
700 1379 852 1482 saporis·
875 1381 989 1453 amori
1024 1393 1062 1454 et
1080 1381 1306 1470 aromatici,
1347 1379 1474 1458 odoris

348 1501 543 1575 aromatici
568 1525 648 1576 non
674 1499 824 1602 ingrati.
866 1495 1001 1576 Calore
1026 1525 1106 1576 non
1127 1497 1296 1602 liquetur
1316 1497 1380 1576 sed
1400 1513 1473 1576 sta·

350 1620 419 1694 tim
436 1617 626 1722 deflagrat.
654 1618 701 1693 In
716 1644 815 1720 aqsra
832 1615 914 1694 fere
931 1632 1011 1695 tota
1030 1617 1220 1696 solutione
1236 1618 1474 1698 flavo-fusca

348 1735 514 1828 turbida,
535 1741 576 1812 in
593 1733 765 1814 olcohole
778 1739 917 1841 partim
930 1735 1118 1815 solutione
1136 1737 1372 1816 flavo-fusca
1388 1737 1472 1816 lim-

348 1855 436 1962 pide
468 1853 641 1933 solvitur.
696 1855 797 1934 Cum
823 1859 935 1934 variis
967 1859 1098 1934 resinis
1128 1885 1303 1936 necnon
1329 1863 1473 1963 gummi

350 1975 487 2054 arabici
513 1974 643 2054 frustis
667 1979 784 2052 mixta
806 1979 986 2054 occurrit.
1405 1993 1408 1996 ’

248 2213 463 2301 Natrum
487 2213 830 2301 carbonicum
854 2213 1073 2310 crudum
1099 2251 1165 2302 seu
1192 2213 1280 2302 Sal
1307 2213 1473 2302 Sodse

305 2343 525 2431 crudum
544 2384 611 2434 seu
627 2345 805 2431 Alkali
827 2345 1082 2430 minerale
1106 2343 1340 2430 crudum.
1369 2349 1473 2432 Cor*

306 2478 436 2562 bonos
459 2481 644 2563 notrices
667 2507 766 2562 com
789 2507 904 2594 aquo
926 2475 1098 2560 crudus.
1143 2473 1282 2562 Rolres
1300 2475 1472 2562 hollen-

304 2637 449 2692 somes
468 2610 642 2694 Natmn
669 2615 757 2692 oder
781 2607 900 2692 rohes
919 2607 1119 2698 Sodosalz
1142 2619 1229 2692 oder
1249 2608 1368 2692 rohes
1389 2618 1472 2694 mi·

305 2739 552 2824 neralisches
578 2737 829 2856 Laugensol
851 2797 864 2822 .
1309 2769 1311 2773 ’

501 2907 552 2980 In
577 2901 725 3008 efferii&
749 2903 912 2978 chemicis
936 2931 958 2978 e
983 2920 1085 2978 novo
1109 2905 1313 3007 srdplmrieo
1336 2909 1472 2980 maone

502 3049 584 3100 cum
615 3025 821 3101 carbonibus
851 3040 888 3096 et
916 3024 1068 3098 calcaria
1095 3041 1191 3122 usta,
1220 3041 1295 3099 tum
1320 3025 1471 3100 etsive-

503 3148 596 3220 tione
619 3160 656 3218 et
679 3143 970 3246 crystallaaobne
991 3142 1127 3216 resilui
1144 3161 1308 3244 paratur.

401 3293 465 3372 Sal
483 3298 523 3371 in
543 3297 672 3374 frustis
693 3293 931 3404 crystallinis,
955 3295 1062 3387 albis,
1088 3293 1300 3402 pellucidis,
1325 3299 1365 3372 in
1385 3303 1471 3374 aire

350 3415 624 3505 fatiscentibus,
652 3420 796 3522 saporis
815 3415 977 3494 lixiviosi
997 3415 1267 3522 refrigerantis,
1292 3419 1332 3491 in
1352 3444 1472 3522 aquae

349 3533 521 3640 partibus
547 3535 694 3612 duabus
715 3535 916 3627 solvendis,
944 3563 966 3612 e
988 3551 1111 3628 notro,
1140 3535 1246 3614 acido
1269 3535 1471 3615 carbonico
1541 3523 1546 3533 ¹

352 3668 391 3731 et
407 3681 540 3758 magna
561 3658 669 3760 copia
689 3682 808 3759 aquae
827 3669 1013 3745 constans,
1036 3659 1249 3762 saepissime
1266 3669 1375 3732 notro
1393 3653 1471 3733 sul·

351 3772 514 3876 phurico
547 3801 619 3850 neo
649 3801 727 3852 non
759 3787 868 3852 notro
898 3777 1099 3853 muriatico
1130 3790 1168 3852 et
1193 3790 1302 3852 natro
1330 3773 1472 3881 hydro-

352 3891 575 3998 sulphurato
602 3895 795 3972 immixtis.
835 3893 920 3971 Hoc
947 3893 1082 3986 odore,
1120 3895 1340 4000 praesertim
1365 3894 1471 3971 acido

353 4009 575 4117 sulphurico
602 4026 669 4090 aut
699 4011 772 4092 alio
803 4013 942 4106 affuso,
975 4012 1039 4090 ills
1070 4017 1375 4122 praecipitatione
1400 4041 1472 4121 ope
