3352 4736
708 343 727 454 (
767 338 851 430 217
884 340 911 454 Ι)

193 552 272 626 sina
306 547 502 625 subsidens
527 563 693 652 separata
712 547 888 626 abluatur
915 577 1013 653 aqua
1043 550 1200 642 fervida,
1241 555 1429 657 quamdiu·

196 695 292 772 aqua
313 667 442 744 colore
463 667 608 744 imbuta
636 667 781 758 defluit,
810 682 848 747 et
872 671 913 744 in
940 696 1059 773 aquae
1083 670 1219 748 balneo
1242 661 1422 751 exsiccata

193 789 232 860 in
248 783 407 862 bacillos
427 785 628 882 formetur.
669 787 788 862 Caute
808 813 926 864 serva.

243 905 302 982 Sit
322 903 470 980 efusco
489 907 609 1006 nigra,
635 905 732 981 bene
751 908 846 982 sicca
867 919 905 982 et
923 909 963 983 in
989 935 1087 1014 aqua
1109 907 1335 1014 aethereque
1352 911 1420 987 fri·

195 1023 280 1126 gido
300 1045 380 1098 non
405 1020 594 1099 solvenda.

175 1143 179 1154 ’
242 1148 389 1226 Eodem
405 1147 519 1224 modo
536 1161 711 1252 pareturr

193 1278 421 1382 Resina
472 1277 656 1423 Ligni
701 1280 985 1424 Guajaoi.

524 1543 679 1686 Sapo
728 1539 1074 1686 jalapinus.
1139 1695 1143 1699 ι

190 1737 249 1819 lt.
306 1734 472 1820 Resinae
489 1725 664 1852 Jalapae‘,

306 1863 479 1978 Saponis
500 1863 690 1950 medicati
706 1876 777 1950 rasi
797 1873 1034 1977 singulorum
1052 1869 1188 1951 uncias
1211 1863 1323 1979 duas,

306 1993 478 2108 Spiritus
494 1995 591 2082 Vini
611 1991 820 2078 rectificati
839 1997 1023 2108 qnantum
1040 2005 1260 2106 requiritur,

188 2154 235 2216 ut
259 2139 336 2216 leni
361 2140 566 2242 digestione
591 2137 798 2216 solvantur.
838 2135 988 2214 Salutio
1014 2137 1060 2211 ad
1086 2165 1225 2214 massae
1247 2138 1416 2243 pilularis

189 2261 468 2336 consistentiam
493 2272 690 2364 evaporet,
725 2261 778 2333 ite
804 2272 848 2332 ut
873 2257 988 2330 totius
1020 2283 1160 2332 massae
1193 2262 1416 2336 remanentis

187 2375 337 2482 pondus
364 2379 412 2453 sit
437 2367 648 2450 unciarum
672 2384 846 2480 quatuor
869 2393 965 2446 cum
987 2359 1170 2448 dimidia.

238 2497 299 2573 Sit
320 2523 341 2571 e
363 2495 473 2573 fusco
497 2497 653 2598 griseus,
681 2496 793 2569 tritus
814 2519 859 2568 ex
878 2490 966 2568 albo
987 2495 1140 2595 griseus.

506 2665 662 2830 Sapo
712 2680 1084 2810 medicatus.

247 2883 415 2998 Liquori
429 2879 543 2966 Natri
560 2881 724 2963 caustioi
752 2898 922 2962 recenter·
941 2897 1069 2989 parato
1094 2887 1233 2960 invase
1256 2885 1413 2994 figulino

188 3011 348 3088 admisce

303 3145 394 3234 Olei
419 3145 627 3234 Olivamm
654 3141 913 3230 Provincialis
944 3151 1189 3225 recentissimi
1221 3139 1411 3257 duplum.

239 3295 453 3398 Seponatur
470 3322 533 3370 vas
552 3293 638 3369 loco
658 3304 879 3395 temperato,
908 3300 946 3364 et
965 3312 1034 3390 per
1057 3289 1157 3362 vices
1182 3289 1315 3364 sedulo
1336 3293 1412 3392 agi-

187 3427 288 3490 tetur
301 3439 419 3488 masse
434 3409 606 3516 spathula
619 3409 755 3513 lignea,
780 3409 900 3482 donec
913 3405 1144 3508 homogenea
1157 3422 1344 3510 appareat,
1370 3437 1413 3485 ac

188 3534 405 3636 spissescere
424 3531 587 3632 incipiat
613 3529 715 3601 Tum
728 3525 941 3600 effundatur
954 3527 994 3597 in
1010 3527 1115 3600 cistas
1128 3521 1266 3626 ligneas
1283 3524 1412 3629 planas

188 3664 226 3724 et
246 3661 450 3754 seponatur
468 3645 555 3724 loco
572 3673 651 3721 non
670 3645 783 3722 nimis
805 3641 938 3719 calido.
966 3641 1144 3752 Indurata
1163 3641 1354 3718 scindatur
1371 3647 1411 3720 in

188 3763 354 3858 taleolas,
379 3795 471 3871 quos
488 3764 638 3841 modico
660 3762 792 3840 calore·
804 3763 1000 3838 exsiccatas
1018 3760 1115 3836 bene
1135 3785 1250 3834 serva.

238 3887 296 3964 Sit
325 3886 457 3976 durus,
487 3883 608 3972 albus,
637 3882 823 3970 lubricus,
849 3877 1098 3966 necoloosus,
1126 3903 1197 3952 nec
1222 3881 1333 3958 nimis
1358 3879 1411 3954 al·

186 4004 347 4095 tatinus,
376 4031 446 4080 nec
466 4003 652 4078 rancidus.

1137 4115 1168 4188 E
1182 4143 1202 4190 e
