3392 4742
732 359 751 470 (
794 351 875 444 1⁰5
916 356 936 468 )

220 545 511 636 simaruba.
541 543 752 634 Cortex.
798 546 1164 637 Simarabarinde.
1185 537 1444 635 Rubrrinde.

281 731 464 848 Quassiu
482 731 713 821 Simoruba
731 731 865 817 Lien.
885 729 1115 820 Simoruba
1133 729 1360 848 ffeinalir
1378 713 1448 820 De

277 848 471 935 Candoll.
509 865 629 938 Arbor
641 867 858 939 Amerr'eana
880 871 917 940 m
936 867 1084 966 Gujana
1097 867 1395 972 frequentissima.

312 1015 316 1038 ¹
372 1033 511 1112 Cortex
530 1034 678 1124 radicis,
706 1038 746 1112 in
772 1035 904 1114 frustis
930 1035 1067 1141 longis,
1100 1036 1308 1128 tenacibus,
1338 1035 1443 1115 2lin.

322 1156 465 1245 crassis,
487 1155 716 1260 epidermide
729 1183 750 1231 e
764 1156 853 1234 rufo
866 1156 1087 1246 latescente,
1108 1159 1448 1236 eortieeexteriore
1547 1155 1551 1162 ’

321 1275 556 1365 tenuissimo,
586 1277 763 1355 interiore
787 1279 1026 1369 crassissima,
1055 1290 1137 1354 toto
1157 1277 1313 1368 fibroso,
1341 1277 1448 1356 fibris

320 1393 514 1484 tenuibus,
536 1391 647 1472 facile
659 1397 885 1500 separandis,
906 1395 1193 1489 lutescentibus,
1213 1423 1443 1502 peramarus.

220 1581 447 1700 Sinapis.
479 1585 680 1674 Semen.
739 1586 982 1676 Schwaner
1005 1585 1243 1704 Sery‘rame.

275 1733 449 1851 Sinopis
481 1745 606 1852 nigm
637 1735 769 1821 Linn.
814 1749 952 1823 Planta
976 1775 1099 1824 annuo
1125 1751 1299 1849 Europae
1333 1749 1448 1850 absbue

278 1865 388 1942 culta.

229 1999 231 2002 ’
373 1991 523 2068 Semina
538 1995 685 2096 exigua,
708 1991 876 2096 globosa,
900 1993 1020 2083 fusca,
1046 1994 1224 2097 peracria.
1266 1991 1323 2068 Ne
1343 2019 1446 2068 com·

322 2125 519 2188 mutentur
544 2139 632 2188 cum
658 2113 864 2190 seminibus
885 2115 1153 2204 Brassicarum‚
1183 2138 1281 2215 quae
1306 2109 1447 2215 majora

322 2243 361 2306 et
385 2234 510 2308 minus
536 2234 634 2310 acria
661 2245 763 2310 sunt.

224 2470 435 2587 Spongia
467 2475 658 2557 marina.
698 2473 1064 2562 Meersclzwamm.
1085 2472 1445 2558 Badesctwamm.

278 2639 468 2756 Spongia
495 2635 722 2754 officinalis
749 2638 882 2724 Lina.
916 2649 1146 2752 Zoopbytum
1160 2651 1269 2722 naaria
1283 2646 1448 2720 nsedr'ter-

280 2778 383 2845 ranei
403 2787 440 2844 et
464 2776 571 2844 neoris
597 2773 704 2846 rubri.
866 2782 868 2790 '

374 2944 406 3018 E
427 2942 532 3020 fibris
546 2945 773 3020 tenuissimis
787 2957 866 3018 tota
887 2954 1074 3030 contexta,
1100 2965 1250 3045 porosa,
1279 2934 1449 3013 sublute-

324 3089 445 3154 soens,
460 3061 566 3152 levis,
589 3061 728 3152 mollis,
746 3061 907 3150 elastioa,
925 3060 1135 3136 fluidorum
1148 3059 1294 3156 bibula,
1312 3061 1450 3169 lapillis
1529 3127 1534 3134 .

323 3196 361 3259 et
379 3181 461 3260 aliis
482 3183 706 3296 corporibus
729 3181 986 3285 heterogeneis
1001 3207 1110 3284 saepe
1131 3183 1295 3262 intextis.
1325 3183 1449 3288 Spon-

323 3305 383 3406 gia
403 3305 444 3378 in
465 3302 595 3379 frustis
615 3300 848 3394 minoribus„
871 3299 1000 3377 colore
1023 3299 1147 3390 fusco,
1175 3307 1279 3408 poris
1299 3301 1450 3406 majori·

314 3423 412 3512 bus,
441 3420 608 3526 Spongia
631 3447 821 3525 equorum
842 3419 954 3511 dicta,
982 3420 1029 3496 ad
1048 3421 1251 3499 carbonem
1272 3426 1450 3529 spongiae
1511 3457 1514 3464 ¹

324 3543 534 3646 parandum
557 3541 710 3620 sufficit.

225 3745 496 3835 Stannum.
555 3751 688 3834 Zinn.

398 3975 401 3984 .
478 3917 642 3992 Paratur
663 3945 685 3990 e
710 3919 851 3988 mineris
875 3915 1006 3992 Smnm'
1032 3885 1221 4015 praecipue
1253 3917 1291 3988 in
1316 3915 1450 4016 Anglrb

480 4052 517 4110 et
540 4037 650 4111 India
676 4035 848 4112 orr'entali.
1105 4150 1143 4228 O
