3392 4742
621 341 623 356 ¹
789 248 1117 458 (1265—

274 557 371 633 ratio
394 505 598 663 repetetur,
624 551 808 659 qu'amdiu
830 550 996 661 crystalli
1015 565 1258 631 enascuntur.
1300 551 1505 661 Crystallos

255 676 560 783 ‚squamiformes
580 672 753 754 collectas
772 701 871 780 aqua
892 673 1027 780 frigide
1047 672 1178 752 sedulo
1198 671 1326 766 ablue,
1354 676 1452 755 sicce
1470 693 1507 756 et

275 824 413 994 Ἧι
432 914 539 994 acido
562 913 786 1022 sulphurico
816 927 855 992 et
878 927 989 993 nstro
1015 913 1239 1021 sulphurico
1271 941 1351 994 non
1377 919 1505 1024 inqui·

274 1050 397 1129 naue,
430 1036 536 1140 quod
563 1035 713 1140 liquore
737 1036 894 1141 berytus
918 1037 1076 1112 nitricse
1102 1035 1349 1140 dignoscitur,
1378 1035 1506 1118 colors

275 1183 357 1234 non
382 1158 493 1234 nimie
519 1155 756 1248 flavescente,
785 1154 903 1232 odore
929 1153 1044 1230 debili
1069 1155 1243 1234 benzods.

241 1477 244 1483 ,
516 1357 782 1466 Acidum
824 1363 1262 1466 muriaticum.

341 1609 350 1636 μ
395 1525 569 1628 (Spiritus
588 1525 687 1603 Salis
702 1525 841 1602 corilus.
868 1525 1027 1602 Aridum
1045 1523 1383 1628 lrydrochloricum.)

272 1701 331 1785 R.
383 1697 502 1829 vitari
530 1700 730 1784 muriatici
757 1697 878 1786 libras
906 1729 991 1785 sex.
1145 1789 1148 1796 ,

322 1859 371 1934 In
394 1871 575 1936 retortum
599 1860 758 1936 vitream
783 1883 963 1964 capacem,
983 1859 1155 1936 immissis
1181 1857 1335 1936 affunde

386 2007 507 2095 Acidi
534 2005 756 2126 sulphurici
786 2003 900 2094 crudi
928 2006 1048 2094 libras
1077 2028 1252 2124 quatuor

273 2181 513 2246 caussantes
540 2166 676 2245 dilutas

329 2346 334 2360 ·
385 2321 527 2435 Aquae
557 2320 786 2404 communis
815 2317 927 2404 libris
956 2315 1129 2404 duabus.

321 2475 509 2582 Adsptsto
535 2505 621 2557 rese
648 2479 855 2582 recipiente
881 2475 1022 2584 amplo,
1051 2481 1115 2557 cui
1142 2481 1272 2574 insunt

385 2625 527 2742 Aquae
555 2623 774 2712 destillstac
803 2625 926 2710 librae
955 2647 1130 2742 quatuor

269 2787 309 2850 et
320 2773 508 2878 juncturis
522 2774 672 2868 clausis,
694 2775 758 2852 fiat
771 2771 985 2866 destillatio,
1000 2777 1088 2880 igne
1099 2778 1268 2881 primum
1280 2779 1498 2873 remissiori,

269 2893 341 2972 sub
355 2893 470 2972 finem
483 2909 610 2986 aucto,
633 2895 680 2982 cd
693 2897 850 2972 siccum.
886 2895 1097 2999 Liquidum
1110 2893 1280 2992 elicitum
1293 2925 1407 3005 supra

381 3040 497 3128 Natri
523 3045 722 3164 muriatici
749 3042 851 3128 libra
878 3037 1047 3127 dimidia

265 3197 448 3290 rectifica,'
471 3199 611 3304 rejecto
633 3197 739 3308 quod
757 3198 910 3276 fumans
928 3200 1055 3304 primo
1075 3197 1218 3304 prodit.
1259 3201 1442 3282 Servetur
1459 3205 1500 3280 in

193 3339 197 3356 ¹
265 3321 361 3398 vasis
381 3322 580 3425 epistomio
601 3325 725 3400 vitreo
747 3323 917 3398 munitis.

315 3443 629 3550 Pssure'quoque
654 3441 744 3518 licet
769 3469 816 3517 cx
840 3427 962 3517 Acidi
989 3431 1188 3518 muriatici
1216 3429 1332 3517 crudi
1361 3441 1498 3522 coloris
1663 3489 1664 3536 γ

267 3585 339 3639 nec
370 3587 451 3640 non
482 3559 577 3636 acidi
611 3557 830 3665 sulphurosi
861 3563 1023 3666 expertis
1049 3552 1228 3666 partibus
1261 3547 1496 3670 duodecim,

264 3680 535 3760 rectificatione
574 3708 687 3786 supro
727 3671 842 3760 Natri
884 3677 1084 3762 mun'stici
1121 3699 1232 3793 parte
1269 3701 1383 3792 una,'
1411 3688 1498 3794 reji-

265 3801 398 3877 ciendo
424 3801 537 3878 simili
563 3801 677 3882 modo
703 3805 809 3909 quod
834 3803 986 3884 fumeus
1016 3805 1179 3886 elicitur.

313 3919 416 3998 Cave
429 3951 478 4001 ne
491 3923 597 4001 acido
618 3923 841 4033 sulphurico
860 3941 898 4005 et
915 3927 1162 4036 sulphuroso,
1184 3929 1346 4008 ferrost
1365 3927 1498 4009 chloro

263 4043 508 4148 inquinatum
522 4049 581 4140 sit,
604 4048 709 4152 quod
726 4045 877 4155 liquore
894 4049 1051 4158 berytus
1069 4053 1241 4144 nitrime,
1262 4047 1412 4158 liquore
1423 4049 1498 4128 lali
