3428 4742
738 277 942 461 (ul

342 597 673 722 Diligentissime
700 603 818 722 signa
846 615 888 688 et
914 613 1054 702 notus,
1094 599 1244 720 quibus
1271 608 1451 724 genuina

172 873 182 880 .
224 791 516 877 discernuntur
539 787 870 888 medicamenta,
909 819 1014 908 quae
1053 787 1259 909 simplicia
1292 805 1453 892 vocant,

220 991 279 1075 et,
303 974 374 1065 ubi
394 973 635 1074 locuserat,
655 974 834 1063 modum
854 974 1146 1075 conservandi,
1168 974 1453 1066 indicavimus.

220 1161 353 1250 Notas
380 1192 480 1250 vero
514 1193 583 1251 ees
617 1159 729 1250 solas
763 1160 1055 1259 indicavimus,
1094 1192 1200 1280 quac
1237 1165 1283 1248 in
1321 1163 1453 1252 medi-

140 1335 143 1340 ¹
222 1363 434 1446 mmento,
474 1347 595 1467 quale
623 1352 668 1434 in
703 1343 883 1435 officinis
911 1361 1089 1466 prostat,
1128 1351 1452 1467 conspiciuntur,

224 1539 453 1625 omisimus·
479 1549 620 1624 autem
656 1563 743 1634 eas,
790 1537 976 1652 quaein
1012 1533 1102 1620 aliis
1139 1533 1323 1652 partibus
1361 1565 1450 1624 non

222 1729 267 1810 in
296 1751 420 1810 usum
440 1725 596 1810 vocatis
624 1719 1027 1818 animadvertuntur,
1053 1749 1209 1838 neque,
1237 1720 1310 1807 ubi
1337 1719 1451 1808 radix

220 1925 385 1996 tantum
405 1904 618 1996 officinam
637 1911 782 2007 intrat,
809 1905 995 2026 amplam
1019 1903 1210 1994 dedimus
1233 1901 1388 1994 herbae
1409 1922 1451 1996 et

222 2091 382 2184 florum
415 2095 750 2220 descriptionem.

344 2277 552 2370 Ordinem
581 2277 887 2401 alphabeticum
914 2285 974 2368 ita¹
998 2285 1271 2380 mutavimus,
1289 2297 1367 2381 ut,
1395 2313 1449 2372 ne

223 2469 340 2558 idem
379 2463 653 2586 pharmacum
687 2471 732 2556 in
767 2470 901 2554 variis·
928 2471 1069 2586 operis
1096 2465 1228 2554 titulis
1263 2483 1451 2587 repeten-

222 2656 326 2744 dum
353 2670 478 2756 essct,
517 2655 647 2744 semel
673 2668 838 2742 tantum
864 2683 1024 2742 nornen
1054 2667 1095 2742 et
1123 2653 1449 2772 descriptionem

221 2847 310 2962 ejus
326 2843 530 2942 daremus,
546 2841 758 2930 usualibus
774 2841 960 2961 partibus
975 2838 1102 2927 simul
1118 2838 1359 2956 subjunctis.
1380 2837 1450 2927 Sic

222 3064 255 3121 c.
267 3061 306 3152 g.
329 3026 493 3118 Citium
503 3021 755 3117 durantium
783 3025 1098 3148 descripsimus,
1131 3041 1173 3114 et
1201 3027 1291 3144 ejus
1316 3023 1449 3114 Corti-
1497 3081 1506 3101 ·

223 3219 308 3318 ces,
337 3215 494 3316 Flores,
518 3215 649 3317 Folia,
671 3212 817 3316 Poma,
841 3214 1037 3332 deinceps
1057 3211 1344 3300 indicavimus.

344 3399 452 3490 Cum
499 3399 833 3520 pharmacopola
883 3399 1189 3492 medicamenta
1242 3397 1448 3516 simplicia

221 3595 394 3679 nonnisi
423 3594 608 3679 emtione
635 3589 716 3676 sibi
744 3615 988 3705 comparare
1010 3589 1156 3704 possit,
1186 3589 1313 3672 etiem
1334 3613 1448 3700 prae·
1517 3623 1519 3628 v
1645 3575 1648 3592 ’
1709 3535 1711 3580 ³

222 3783 396 3898 paratis,
436 3807 542 3896 quac
576 3777 713 3863 bonae
746 3787 871 3862 notae
910 3787 953 3862 et
981 3777 1026 3859 in
1055 3767 1221 3858 labricis
1250 3765 1447 3857 chemicis

221 3939 419 4088 genuina,
444 3959 800 4050 aPharmaccutis
828 3989 928 4050 vero
960 3987 1049 4052 nen
1077 3961 1168 4045 sinc
1196 3955 1381 4075 periculo
1405 3969 1448 4043 et
