3428 4742
774 364 793 476 (
835 361 885 448 11
929 362 948 476 )

247 577 579 664 Ammonium
609 573 955 674 cat-bonicum
984 571 1203 659 crudum
1230 612 1298 662 seu
1321 573 1475 662 Attali

302 709 473 794 oolotc‘le
501 708 698 792 crudum.
758 707 974 792 Carbones
1004 715 1271 792 ammonicus
1300 708 1471 794 crudus.

304 840 443 926 Rohcs
457 839 695 955 fluchtiges
723 838 1011 956 Lougeusulz.

501 1011 765 1110 Praeporotwn
796 1003 1018 1110 finenem
1048 1005 1286 1081 oltcmicorum
1314 1033 1365 1082 ex
1394 1035 1472 1084 om·

501 1133 618 1202 mom'o
642 1131 826 1202 muruu'co
850 1128 1094 1202 sabomacum
1120 1143 1335 1202 cumcretu.

399 1296 465 1375 Sal
488 1302 529 1373 in
555 1296 738 1405 crystallis
765 1295 1068 1387 cohaerentibus,
1103 1294 1331 1388 trabilibus,
1360 1296 1468 1388 olbis,

349 1417 548 1524 superficie
572 1446 662 1496 mox
688 1415 980 1523 pulverulentis,
1008 1420 1050 1492 in
1074 1422 1159 1492 aire
1185 1415 1336 1493 tandem
1360 1415 1472 1522 plane

347 1537 630 1630 fatiscentibus,
683 1538 812 1616 fauces
850 1563 1035 1640 naresque
1073 1539 1172 1612 inter
1210 1537 1473 1642 respirandum

327 1722 330 1728 .
349 1657 457 1736 valde
480 1661 645 1748 irritans,
674 1661 714 1734 in
740 1661 825 1764 igne
851 1656 963 1762 plane
984 1655 1150 1747 avolans,
1177 1660 1219 1733 in
1239 1685 1359 1764 aquae
1380 1657 1470 1735 dua·

348 1779 422 1856 hus
441 1779 613 1885 partibus
633 1777 819 1856 solubilis.
854 1775 1012 1856 Constat
1032 1806 1079 1853 ex
1098 1780 1289 1855 ammonio
1309 1791 1347 1855 et
1362 1777 1469 1857 acido

349 1899 566 1976 cas—bonico.
620 1899 682 1974 Ad
706 1927 820 1974 usum
845 1901 1039 1974 internum
1060 1925 1139 1975 non
1159 1898 1379 1976 adhibeatur
1398 1901 1471 1977 nisi

349 2047 370 2094 a
395 2018 543 2124 plumbi
573 2021 834 2121 inquinatione
865 2019 976 2123 plane
1006 2016 1103 2094 liber
1133 2021 1200 2108 sit,
1238 2018 1344 2122 quod
1373 2047 1470 2124 aqua
1568 2073 1572 2078 -

348 2137 695 2246 hydrosulphurata
727 2153 793 2214 aut
824 2137 931 2214 acido
966 2136 1189 2243 sulphurico
1221 2137 1466 2241 dignoscitur.

346 2260 474 2336 Nimia
499 2263 608 2366 copia
634 2260 812 2335 ammonii
836 2261 1025 2336 muriatici
1047 2261 1208 2334 immixti
1232 2257 1419 2362 detegitur
1438 2264 1468 2338 si

349 2379 455 2457 acido
479 2383 619 2457 uitrico
641 2378 926 2471 neutralisatur,
963 2393 1000 2456 et
1023 2377 1153 2483 liquor
1177 2382 1323 2481 argenti·
1344 2383 1468 2457 uitrici

348 2499 573 2588 affunditur,
613 2527 693 2604 quo
718 2504 1006 2608 praecipitatum
1032 2497 1161 2577 album
1188 2525 1381 2578 caseosum
1405 2499 1468 2576 de·

347 2619 489 2723 jicitur.

248 2860 572 2946 Ammonium
596 2863 933 2962 muriaticum
960 2859 1179 2945 crudum
1198 2897 1265 2946 seu
1289 2861 1469 2950 Solum·

303 3003 547 3078 mouiucum
579 2993 775 3078 crudum.
835 2991 1213 3106 Hyslmchloictum
1242 2991 1470 3079 Ammouii

303 3125 498 3210 crudum.
560 3126 704 3211 Rolzer
724 3123 932 3216 Solmioic.

286 3347 288 3354 ·
393 3343 404 3360 ·
476 3303 749 3404 Praeparetur
784 3306 821 3374 in
853 3297 1001 3403 officinis
1035 3299 1198 3374 chemicis
1230 3327 1281 3373 ex
1309 3305 1468 3402 portibus
1603 3351 1606 3356 -

500 3427 734 3496 constitutivis
758 3426 861 3495 uario
888 3421 993 3493 modo
1011 3423 1161 3522 junctis.

399 3581 462 3660 Sal
497 3589 538 3658 in
571 3581 752 3689 placentis
786 3609 899 3688 supra
934 3583 1110 3660 convexis
1146 3579 1244 3656 infra
1280 3587 1466 3674 concavis,

348 3703 539 3779 interdum
564 3706 718 3794 conius,
748 3699 855 3792 albis,
887 3702 993 3780 estiis
1014 3700 1174 3803 fuligine
1194 3702 1384 3778 interdum
1405 3703 1468 3780 de·

347 3825 513 3926 nigratis,
541 3849 675 3928 sapore
696 3825 784 3913 acri,
813 3826 854 3897 in
879 3850 999 3927 aquae
1024 3821 1195 3927 partibus
1221 3822 1342 3899 tribus
1366 3821 1467 3900 solu·

347 3941 452 4033 bilis,
487 3946 574 4048 igne
598 3941 763 4020 avolans.
818 3941 975 4022 Constat
1004 3971 1050 4018 ex
1081 3945 1271 4020 ammonio
1298 3956 1336 4018 et
1361 3941 1467 4021 acido

348 4065 558 4140 muriatico.
601 4063 688 4142 Non
712 4064 784 4140 uisi
809 4059 1030 4139 sublimatus
1056 4059 1291 4138 adhibeatur.
1339 4061 1396 4140 Sit
1420 4061 1467 4138 ab

1101 4183 1163 4257 Ba
