<?xml version="1.0" encoding="UTF-8"?>
<!DOCTYPE html PUBLIC "-//W3C//DTD XHTML 1.0 Transitional//EN"
    "http://www.w3.org/TR/xhtml1/DTD/xhtml1-transitional.dtd">
<html xmlns="http://www.w3.org/1999/xhtml" xml:lang="en" lang="en">
 <head>
  <title>
</title>
<meta http-equiv="Content-Type" content="text/html;charset=utf-8" />
  <meta name='ocr-system' content='tesseract 3.04.00' />
  <meta name='ocr-capabilities' content='ocr_page ocr_carea ocr_par ocr_line ocrx_word'/>
</head>
<body>
  <div class='ocr_page' id='page_1' title='image "./pharmacopocabor00unkngoog_0126.png"; bbox 0 0 3392 4742; ppageno 0'>
   <div class='ocr_carea' id='block_1_1' title="bbox 760 343 963 460">
    <p class='ocr_par' dir='ltr' id='par_1_1' title="bbox 760 343 963 460">
     <span class='ocr_line' id='line_1_1' title="bbox 760 343 963 460; baseline 0 -28"><span class='ocrx_word' id='word_1_1' title='bbox 760 343 963 460; x_wconf 79' lang='lat'>(106)</span> 
     </span>
    </p>
   </div>
   <div class='ocr_carea' id='block_1_2' title="bbox 229 551 1474 1504">
    <p class='ocr_par' dir='ltr' id='par_1_2' title="bbox 229 551 1474 1504">
     <span class='ocr_line' id='line_1_2' title="bbox 396 551 1474 643; baseline -0.001 -11"><span class='ocrx_word' id='word_1_2' title='bbox 396 553 594 633; x_wconf 77' lang='lat' dir='ltr'><strong>Metallum</strong></span> <span class='ocrx_word' id='word_1_3' title='bbox 608 553 750 643; x_wconf 83' lang='lat' dir='ltr'><strong>album,</strong></span> <span class='ocrx_word' id='word_1_4' title='bbox 767 553 920 640; x_wconf 79' lang='lat' dir='ltr'>ductile,</span> <span class='ocrx_word' id='word_1_5' title='bbox 936 553 1111 632; x_wconf 84' lang='lat' dir='ltr'><strong>flectione</strong></span> <span class='ocrx_word' id='word_1_6' title='bbox 1123 552 1296 642; x_wconf 86' lang='lat' dir='ltr'><strong>stridens,</strong></span> <span class='ocrx_word' id='word_1_7' title='bbox 1310 551 1474 632; x_wconf 83' lang='lat' dir='ltr'><strong>fractura</strong></span> 
     </span>
     <span class='ocr_line' id='line_1_3' title="bbox 351 673 1472 780; baseline -0.002 -26"><span class='ocrx_word' id='word_1_8' title='bbox 351 681 588 768; x_wconf 87' lang='lat' dir='ltr'><strong>uncinatum,</strong></span> <span class='ocrx_word' id='word_1_9' title='bbox 604 679 742 766; x_wconf 87' lang='lat' dir='ltr'><strong>nitens,</strong></span> <span class='ocrx_word' id='word_1_10' title='bbox 758 678 798 750; x_wconf 88' lang='lat' dir='ltr'><strong>in</strong></span> <span class='ocrx_word' id='word_1_11' title='bbox 811 679 896 780; x_wconf 80' lang='lat' dir='ltr'><strong>igne</strong></span> <span class='ocrx_word' id='word_1_12' title='bbox 909 674 1020 752; x_wconf 78' lang='lat' dir='ltr'><strong>facile</strong></span> <span class='ocrx_word' id='word_1_13' title='bbox 1032 675 1256 780; x_wconf 83' lang='lat' dir='ltr'><strong>liquescens,</strong></span> <span class='ocrx_word' id='word_1_14' title='bbox 1271 673 1378 752; x_wconf 90' lang='lat' dir='ltr'><strong>acido</strong></span> <span class='ocrx_word' id='word_1_15' title='bbox 1388 702 1472 752; x_wconf 90' lang='lat' dir='ltr'><strong>mu-</strong></span> 
     </span>
     <span class='ocr_line' id='line_1_4' title="bbox 229 788 1472 900; baseline -0.003 -26"><span class='ocrx_word' id='word_1_16' title='bbox 229 857 234 866; x_wconf 88' lang='lat'><strong>.</strong></span> <span class='ocrx_word' id='word_1_17' title='bbox 350 801 483 875; x_wconf 84' lang='lat' dir='ltr'><strong>riatico</strong></span> <span class='ocrx_word' id='word_1_18' title='bbox 506 796 675 874; x_wconf 91' lang='lat' dir='ltr'><strong>solutum</strong></span> <span class='ocrx_word' id='word_1_19' title='bbox 695 794 820 890; x_wconf 72' lang='lat' dir='ltr'><strong>addito</strong></span> <span class='ocrx_word' id='word_1_20' title='bbox 843 794 994 900; x_wconf 88' lang='lat' dir='ltr'><strong>liquore</strong></span> <span class='ocrx_word' id='word_1_21' title='bbox 1014 799 1096 874; x_wconf 87' lang='lat' dir='ltr'><strong>auri</strong></span> <span class='ocrx_word' id='word_1_22' title='bbox 1120 788 1309 872; x_wconf 87' lang='lat' dir='ltr'><strong>muriatici</strong></span> <span class='ocrx_word' id='word_1_23' title='bbox 1330 797 1472 900; x_wconf 87' lang='lat' dir='ltr'><strong>praeci·</strong></span> 
     </span>
     <span class='ocr_line' id='line_1_5' title="bbox 349 913 1472 1023; baseline 0.001 -30"><span class='ocrx_word' id='word_1_24' title='bbox 349 921 510 1023; x_wconf 74' lang='lat' dir='ltr'><strong>pilatum</strong></span> <span class='ocrx_word' id='word_1_25' title='bbox 524 943 764 1023; x_wconf 85' lang='lat' dir='ltr'><strong>purpureum</strong></span> <span class='ocrx_word' id='word_1_26' title='bbox 776 918 946 993; x_wconf 88' lang='lat' dir='ltr'><strong>efficiens.</strong></span> <span class='ocrx_word' id='word_1_27' title='bbox 959 918 999 992; x_wconf 90' lang='lat' dir='ltr'><strong>P.</strong></span> <span class='ocrx_word' id='word_1_28' title='bbox 1008 943 1157 1022; x_wconf 83' lang='lat' dir='ltr'><strong>spec:</strong></span> <span class='ocrx_word' id='word_1_29' title='bbox 1169 913 1297 1008; x_wconf 80' lang='lat' dir='ltr'><strong>ferei,</strong></span> <span class='ocrx_word' id='word_1_30' title='bbox 1308 923 1342 989; x_wconf 85' lang='lat'><strong>3.</strong></span> <span class='ocrx_word' id='word_1_31' title='bbox 1363 915 1472 994; x_wconf 88' lang='lat' dir='ltr'><strong>Prac-</strong></span> 
     </span>
     <span class='ocr_line' id='line_1_6' title="bbox 350 1026 1472 1142; baseline -0.004 -27"><span class='ocrx_word' id='word_1_32' title='bbox 350 1051 422 1115; x_wconf 88' lang='lat' dir='ltr'><strong>stat</strong></span> <span class='ocrx_word' id='word_1_33' title='bbox 439 1037 687 1114; x_wconf 87' lang='lat' dir='ltr'><strong>Malaccense.</strong></span> <span class='ocrx_word' id='word_1_34' title='bbox 724 1035 931 1139; x_wconf 86' lang='lat' dir='ltr'><strong>Rejiciatur</strong></span> <span class='ocrx_word' id='word_1_35' title='bbox 954 1063 1074 1141; x_wconf 91' lang='lat' dir='ltr'><strong>cupro</strong></span> <span class='ocrx_word' id='word_1_36' title='bbox 1096 1051 1134 1112; x_wconf 86' lang='lat' dir='ltr'><strong>et</strong></span> <span class='ocrx_word' id='word_1_37' title='bbox 1156 1037 1271 1112; x_wconf 88' lang='lat' dir='ltr'><strong>nimia</strong></span> <span class='ocrx_word' id='word_1_38' title='bbox 1292 1026 1472 1142; x_wconf 67' lang='lat' dir='ltr'><strong>copia&#39;ar·</strong></span> 
     </span>
     <span class='ocr_line' id='line_1_7' title="bbox 350 1153 1472 1262; baseline -0.004 -26"><span class='ocrx_word' id='word_1_39' title='bbox 350 1161 466 1236; x_wconf 87' lang='lat' dir='ltr'><strong>senici</strong></span> <span class='ocrx_word' id='word_1_40' title='bbox 479 1161 717 1262; x_wconf 85' lang='lat' dir='ltr'><strong>inquinatum</strong></span> <span class='ocrx_word' id='word_1_41' title='bbox 727 1189 737 1248; x_wconf 90' lang='lat'>;</span> <span class='ocrx_word' id='word_1_42' title='bbox 760 1155 856 1232; x_wconf 90' lang='lat' dir='ltr'><strong>illud</strong></span> <span class='ocrx_word' id='word_1_43' title='bbox 874 1159 914 1231; x_wconf 90' lang='lat' dir='ltr'><strong>in</strong></span> <span class='ocrx_word' id='word_1_44' title='bbox 932 1153 1121 1234; x_wconf 90' lang='lat' dir='ltr'><strong>solutione</strong></span> <span class='ocrx_word' id='word_1_45' title='bbox 1140 1182 1214 1262; x_wconf 91' lang='lat' dir='ltr'><strong>ope</strong></span> <span class='ocrx_word' id='word_1_46' title='bbox 1225 1154 1386 1260; x_wconf 87' lang='lat' dir='ltr'><strong>liquoris</strong></span> <span class='ocrx_word' id='word_1_47' title='bbox 1398 1153 1472 1232; x_wconf 78' lang='lat' dir='ltr'><strong>tali</strong></span> 
     </span>
     <span class='ocr_line' id='line_1_8' title="bbox 350 1275 1471 1384; baseline -0.002 -30"><span class='ocrx_word' id='word_1_48' title='bbox 350 1276 901 1384; x_wconf 80' lang='lat' dir='ltr'><strong>ferruginoso-hydrocyanici,</strong></span> <span class='ocrx_word' id='word_1_49' title='bbox 938 1276 1013 1353; x_wconf 90' lang='lat' dir='ltr'><strong>hoc</strong></span> <span class='ocrx_word' id='word_1_50' title='bbox 1037 1276 1154 1354; x_wconf 92' lang='lat' dir='ltr'><strong>odore</strong></span> <span class='ocrx_word' id='word_1_51' title='bbox 1180 1279 1211 1354; x_wconf 90' lang='lat' dir='ltr'><strong>si</strong></span> <span class='ocrx_word' id='word_1_52' title='bbox 1236 1277 1321 1352; x_wconf 86' lang='lat' dir='ltr'><strong>tubi</strong></span> <span class='ocrx_word' id='word_1_53' title='bbox 1347 1275 1471 1352; x_wconf 86' lang='lat' dir='ltr'><strong>ferru-</strong></span> 
     </span>
     <span class='ocr_line' id='line_1_9' title="bbox 350 1397 1303 1504; baseline -0.004 -28"><span class='ocrx_word' id='word_1_54' title='bbox 350 1401 539 1476; x_wconf 87' lang='lat' dir='ltr'><strong>minatorii</strong></span> <span class='ocrx_word' id='word_1_55' title='bbox 562 1397 735 1474; x_wconf 83' lang='lat' dir='ltr'><strong>flammae</strong></span> <span class='ocrx_word' id='word_1_56' title='bbox 754 1400 959 1504; x_wconf 81' lang='lat' dir='ltr'><strong>exponitur</strong></span> <span class='ocrx_word' id='word_1_57' title='bbox 980 1397 1148 1501; x_wconf 83' lang='lat' dir='ltr'>dignosci</span> <span class='ocrx_word' id='word_1_58' title='bbox 1167 1409 1303 1501; x_wconf 86' lang='lat' dir='ltr'><strong>potest.</strong></span> 
     </span>
    </p>
   </div>
   <div class='ocr_carea' id='block_1_3' title="bbox 250 1611 1472 1863">
    <p class='ocr_par' dir='ltr' id='par_1_3' title="bbox 250 1611 1472 1863">
     <span class='ocr_line' id='line_1_10' title="bbox 250 1611 1472 1731; baseline -0.004 -28"><span class='ocrx_word' id='word_1_59' title='bbox 250 1613 484 1703; x_wconf 89' lang='lat' dir='ltr'><strong>Stibium</strong></span> <span class='ocrx_word' id='word_1_60' title='bbox 517 1613 718 1702; x_wconf 86' lang='lat' dir='ltr'><strong>venale.</strong></span> <span class='ocrx_word' id='word_1_61' title='bbox 782 1613 1264 1730; x_wconf 67' lang='lat' dir='ltr'><strong>RegulusAntimouii.</strong></span> <span class='ocrx_word' id='word_1_62' title='bbox 1323 1611 1472 1731; x_wconf 83' lang='lat' dir='ltr'><strong>Kci&#39;us·</strong></span> 
     </span>
     <span class='ocr_line' id='line_1_11' title="bbox 305 1745 741 1863; baseline -0.005 -33"><span class='ocrx_word' id='word_1_63' title='bbox 305 1746 429 1832; x_wconf 72' lang='lat' dir='ltr'><strong>lichen</strong></span> <span class='ocrx_word' id='word_1_64' title='bbox 458 1745 741 1863; x_wconf 76' lang='lat' dir='ltr'><strong>Spiessgbznz.</strong></span> 
     </span>
    </p>
   </div>
   <div class='ocr_carea' id='block_1_4' title="bbox 482 1929 1470 2156">
    <p class='ocr_par' dir='ltr' id='par_1_4' title="bbox 482 1929 1470 2156">
     <span class='ocr_line' id='line_1_12' title="bbox 500 1929 1470 2034; baseline -0.002 -26"><span class='ocrx_word' id='word_1_65' title='bbox 500 1936 541 2008; x_wconf 90' lang='lat' dir='ltr'><em>E</em></span> <span class='ocrx_word' id='word_1_66' title='bbox 566 1936 664 2006; x_wconf 71' lang='lat' dir='ltr'><strong>stadio</strong></span> <span class='ocrx_word' id='word_1_67' title='bbox 687 1931 896 2034; x_wconf 75' lang='lat' dir='ltr'><strong>srdplauinto</strong></span> <span class='ocrx_word' id='word_1_68' title='bbox 923 1936 1023 2030; x_wconf 59' lang='lat' dir='ltr'><strong>nigro</strong></span> <span class='ocrx_word' id='word_1_69' title='bbox 1047 1931 1159 2006; x_wconf 68' lang='lat' dir='ltr'><strong>cnido</strong></span> <span class='ocrx_word' id='word_1_70' title='bbox 1178 1929 1414 2034; x_wconf 79' lang='lat' dir='ltr'><strong>additofhrm</strong></span> <span class='ocrx_word' id='word_1_71' title='bbox 1433 1937 1470 2006; x_wconf 82' lang='lat' dir='ltr'><strong>in</strong></span> 
     </span>
     <span class='ocr_line' id='line_1_13' title="bbox 482 2051 1274 2156; baseline 0.003 -32"><span class='ocrx_word' id='word_1_72' title='bbox 482 2051 649 2156; x_wconf 59' lang='lat' dir='ltr'><strong>‚ffouus</strong></span> <span class='ocrx_word' id='word_1_73' title='bbox 671 2053 873 2126; x_wconf 75' lang='lat' dir='ltr'><strong>inemllorti&#39;s</strong></span> <span class='ocrx_word' id='word_1_74' title='bbox 898 2053 1090 2155; x_wconf 69' lang='lat' dir='ltr'><strong>ltipuotebnc</strong></span> <span class='ocrx_word' id='word_1_75' title='bbox 1111 2068 1274 2154; x_wconf 72' lang='lat' dir='ltr'><strong>potatur.</strong></span> 
     </span>
    </p>
   </div>
   <div class='ocr_carea' id='block_1_5' title="bbox 183 2221 1483 2903">
    <p class='ocr_par' dir='ltr' id='par_1_5' title="bbox 183 2221 1483 2903">
     <span class='ocr_line' id='line_1_14' title="bbox 399 2221 1483 2328; baseline 0.006 -28"><span class='ocrx_word' id='word_1_76' title='bbox 399 2225 599 2302; x_wconf 79' lang='lat' dir='ltr'><strong>Metallum</strong></span> <span class='ocrx_word' id='word_1_77' title='bbox 629 2251 650 2300; x_wconf 93' lang='lat' dir='ltr'><strong>e</strong></span> <span class='ocrx_word' id='word_1_78' title='bbox 677 2223 956 2302; x_wconf 86' lang='lat' dir='ltr'><strong>coerulesoente</strong></span> <span class='ocrx_word' id='word_1_79' title='bbox 982 2222 1126 2314; x_wconf 86' lang='lat' dir='ltr'><strong>album,</strong></span> <span class='ocrx_word' id='word_1_80' title='bbox 1159 2221 1307 2328; x_wconf 82' lang='lat' dir='ltr'><strong>fragile,</strong></span> <span class='ocrx_word' id='word_1_81' title='bbox 1341 2223 1483 2306; x_wconf 89' lang='lat' dir='ltr'><strong>lamel·.</strong></span> 
     </span>
     <span class='ocr_line' id='line_1_15' title="bbox 347 2343 1467 2446; baseline 0.002 -24"><span class='ocrx_word' id='word_1_82' title='bbox 347 2345 487 2436; x_wconf 86' lang='lat' dir='ltr'><strong>losum,</strong></span> <span class='ocrx_word' id='word_1_83' title='bbox 517 2348 656 2436; x_wconf 87' lang='lat' dir='ltr'><strong>nitens,</strong></span> <span class='ocrx_word' id='word_1_84' title='bbox 686 2347 728 2420; x_wconf 89' lang='lat' dir='ltr'><strong>in</strong></span> <span class='ocrx_word' id='word_1_85' title='bbox 754 2351 838 2420; x_wconf 80' lang='lat' dir='ltr'><strong>aiire</strong></span> <span class='ocrx_word' id='word_1_86' title='bbox 864 2345 1027 2446; x_wconf 77' lang='lat' dir='ltr'><strong>ignitum</strong></span> <span class='ocrx_word' id='word_1_87' title='bbox 1050 2344 1160 2422; x_wconf 86' lang='lat' dir='ltr'><strong>fumo</strong></span> <span class='ocrx_word' id='word_1_88' title='bbox 1190 2343 1277 2422; x_wconf 88' lang='lat' dir='ltr'><strong>albo</strong></span> <span class='ocrx_word' id='word_1_89' title='bbox 1302 2343 1467 2424; x_wconf 83' lang='lat' dir='ltr'><strong>avolans.</strong></span> 
     </span>
     <span class='ocr_line' id='line_1_16' title="bbox 347 2463 1469 2570; baseline 0.004 -30"><span class='ocrx_word' id='word_1_90' title='bbox 347 2467 391 2540; x_wconf 88' lang='lat' dir='ltr'><strong>P.</strong></span> <span class='ocrx_word' id='word_1_91' title='bbox 404 2491 506 2570; x_wconf 84' lang='lat' dir='ltr'><strong>spec.</strong></span> <span class='ocrx_word' id='word_1_92' title='bbox 520 2499 566 2534; x_wconf 92' lang='lat'><em>=</em></span> <span class='ocrx_word' id='word_1_93' title='bbox 579 2463 659 2540; x_wconf 88' lang='lat' dir='ltr'><strong>sere</strong></span> <span class='ocrx_word' id='word_1_94' title='bbox 680 2467 717 2555; x_wconf 85' lang='lat'><strong>6,</strong></span> <span class='ocrx_word' id='word_1_95' title='bbox 729 2473 766 2540; x_wconf 90' lang='grc'><strong>8.</strong></span> <span class='ocrx_word' id='word_1_96' title='bbox 791 2463 906 2540; x_wconf 74' lang='grc' dir='ltr'><strong>Τιὼο</strong></span> <span class='ocrx_word' id='word_1_97' title='bbox 923 2463 1239 2543; x_wconf 79' lang='lat' dir='ltr'><strong>ferruminatorio</strong></span> <span class='ocrx_word' id='word_1_98' title='bbox 1252 2467 1293 2539; x_wconf 91' lang='lat' dir='ltr'><strong>in</strong></span> <span class='ocrx_word' id='word_1_99' title='bbox 1307 2465 1469 2544; x_wconf 82' lang='lat' dir='ltr'><strong>carbone</strong></span> 
     </span>
     <span class='ocr_line' id='line_1_17' title="bbox 347 2581 1467 2691; baseline 0 -29"><span class='ocrx_word' id='word_1_100' title='bbox 347 2583 583 2691; x_wconf 79' lang='lat' dir='ltr'><strong>exploratum</strong></span> <span class='ocrx_word' id='word_1_101' title='bbox 610 2585 764 2660; x_wconf 90' lang='lat' dir='ltr'><strong>odorem</strong></span> <span class='ocrx_word' id='word_1_102' title='bbox 790 2581 987 2660; x_wconf 88' lang='lat' dir='ltr'><strong>alliaceum</strong></span> <span class='ocrx_word' id='word_1_103' title='bbox 1009 2612 1088 2661; x_wconf 92' lang='lat' dir='ltr'><strong>non</strong></span> <span class='ocrx_word' id='word_1_104' title='bbox 1111 2599 1270 2690; x_wconf 78' lang='lat' dir='ltr'><strong>spargat,</strong></span> <span class='ocrx_word' id='word_1_105' title='bbox 1298 2587 1467 2678; x_wconf 74' lang='lat' dir='ltr'><strong>americi,</strong></span> 
     </span>
     <span class='ocr_line' id='line_1_18' title="bbox 346 2701 1469 2811; baseline 0.002 -30"><span class='ocrx_word' id='word_1_106' title='bbox 346 2733 417 2782; x_wconf 88' lang='lat' dir='ltr'><strong>nec</strong></span> <span class='ocrx_word' id='word_1_107' title='bbox 438 2703 592 2781; x_wconf 86' lang='lat' dir='ltr'><strong>fumum</strong></span> <span class='ocrx_word' id='word_1_108' title='bbox 612 2705 832 2793; x_wconf 85' lang='lat' dir='ltr'><strong>rubentem,</strong></span> <span class='ocrx_word' id='word_1_109' title='bbox 874 2701 1023 2808; x_wconf 88' lang='lat' dir='ltr'><strong>plumbi</strong></span> <span class='ocrx_word' id='word_1_110' title='bbox 1057 2707 1213 2781; x_wconf 83' lang='lat' dir='ltr'><strong>nimiam</strong></span> <span class='ocrx_word' id='word_1_111' title='bbox 1239 2709 1385 2811; x_wconf 88' lang='lat' dir='ltr'><strong>copiam</strong></span> <span class='ocrx_word' id='word_1_112' title='bbox 1411 2709 1469 2783; x_wconf 92' lang='lat' dir='ltr'><strong>iu·</strong></span> 
     </span>
     <span class='ocr_line' id='line_1_19' title="bbox 183 2825 544 2903; baseline 0.003 -3"><span class='ocrx_word' id='word_1_113' title='bbox 183 2863 189 2876; x_wconf 85' lang='lat'><em>·</em></span> <span class='ocrx_word' id='word_1_114' title='bbox 343 2825 544 2903; x_wconf 85' lang='lat' dir='ltr'><strong>dicantem.</strong></span> 
     </span>
    </p>
   </div>
   <div class='ocr_carea' id='block_1_6' title="bbox 246 3037 1470 3286">
    <p class='ocr_par' dir='ltr' id='par_1_6' title="bbox 246 3037 1470 3286">
     <span class='ocr_line' id='line_1_20' title="bbox 246 3037 1467 3156; baseline 0.005 -30"><span class='ocrx_word' id='word_1_115' title='bbox 246 3039 481 3128; x_wconf 85' lang='lat' dir='ltr'><strong>stibium</strong></span> <span class='ocrx_word' id='word_1_116' title='bbox 505 3040 874 3156; x_wconf 87' lang='lat' dir='ltr'><strong>sulphuratum</strong></span> <span class='ocrx_word' id='word_1_117' title='bbox 898 3040 1103 3150; x_wconf 85' lang='lat' dir='ltr'><strong>nigrum</strong></span> <span class='ocrx_word' id='word_1_118' title='bbox 1128 3037 1368 3156; x_wconf 83' lang='lat' dir='ltr'><strong>crudum,</strong></span> <span class='ocrx_word' id='word_1_119' title='bbox 1400 3079 1467 3132; x_wconf 86' lang='lat' dir='ltr'><strong>seu</strong></span> 
     </span>
     <span class='ocr_line' id='line_1_21' title="bbox 302 3169 1470 3286; baseline -0.001 -29"><span class='ocrx_word' id='word_1_120' title='bbox 302 3171 673 3257; x_wconf 86' lang='lat' dir='ltr'><strong>Antimonium</strong></span> <span class='ocrx_word' id='word_1_121' title='bbox 708 3169 943 3256; x_wconf 88' lang='lat' dir='ltr'><strong>crudum.</strong></span> <span class='ocrx_word' id='word_1_122' title='bbox 1004 3169 1311 3286; x_wconf 76' lang='lat' dir='ltr'><strong>Sulphuretum</strong></span> <span class='ocrx_word' id='word_1_123' title='bbox 1342 3173 1470 3263; x_wconf 72' lang='lat' dir='ltr'><strong>Subit</strong></span> 
     </span>
    </p>
   </div>
   <div class='ocr_carea' id='block_1_7' title="bbox 300 3287 1399 3420">
    <p class='ocr_par' dir='ltr' id='par_1_7' title="bbox 300 3287 1399 3420">
     <span class='ocr_line' id='line_1_22' title="bbox 300 3287 1399 3420; baseline 0.001 -32"><span class='ocrx_word' id='word_1_124' title='bbox 300 3312 474 3419; x_wconf 60' lang='lat' dir='ltr'><strong>nigrum</strong></span> <span class='ocrx_word' id='word_1_125' title='bbox 506 3303 701 3388; x_wconf 79' lang='lat' dir='ltr'><strong>crudum.</strong></span> <span class='ocrx_word' id='word_1_126' title='bbox 760 3287 899 3415; x_wconf 75' lang='lat' dir='ltr'><strong>Rohes</strong></span> <span class='ocrx_word' id='word_1_127' title='bbox 925 3297 1399 3420; x_wconf 72' lang='lat' dir='ltr'><strong>Schwefislsptessglnnz.</strong></span> 
     </span>
    </p>
   </div>
   <div class='ocr_carea' id='block_1_8' title="bbox 497 3487 1245 3607">
    <p class='ocr_par' dir='ltr' id='par_1_8' title="bbox 497 3487 1245 3607">
     <span class='ocr_line' id='line_1_23' title="bbox 497 3487 1245 3607; baseline 0 -45"><span class='ocrx_word' id='word_1_128' title='bbox 497 3488 736 3607; x_wconf 76' lang='lat' dir='ltr'><strong>Eliquoturc</strong></span> <span class='ocrx_word' id='word_1_129' title='bbox 757 3493 899 3562; x_wconf 71' lang='lat' dir='ltr'><strong>raineris</strong></span> <span class='ocrx_word' id='word_1_130' title='bbox 919 3491 1015 3563; x_wconf 82' lang='lat' dir='ltr'><strong>stibii</strong></span> <span class='ocrx_word' id='word_1_131' title='bbox 1031 3487 1245 3590; x_wconf 67' lang='lat' dir='ltr'><strong>sulphurati.</strong></span> 
     </span>
    </p>
   </div>
   <div class='ocr_carea' id='block_1_9' title="bbox 344 3659 1468 4126">
    <p class='ocr_par' dir='ltr' id='par_1_9' title="bbox 344 3659 1468 4126">
     <span class='ocr_line' id='line_1_24' title="bbox 394 3659 1468 3767; baseline 0.001 -28"><span class='ocrx_word' id='word_1_132' title='bbox 394 3659 645 3767; x_wconf 86' lang='lat' dir='ltr'><strong>Compactum</strong></span> <span class='ocrx_word' id='word_1_133' title='bbox 670 3659 874 3749; x_wconf 80' lang='lat' dir='ltr'><strong>radiosum,</strong></span> <span class='ocrx_word' id='word_1_134' title='bbox 901 3661 1012 3738; x_wconf 87' lang='lat' dir='ltr'><strong>radiis</strong></span> <span class='ocrx_word' id='word_1_135' title='bbox 1038 3659 1266 3739; x_wconf 81' lang='lat' dir='ltr'><strong>fasciculatis</strong></span> <span class='ocrx_word' id='word_1_136' title='bbox 1284 3659 1468 3766; x_wconf 86' lang='lat' dir='ltr'><strong>parallelis</strong></span> 
     </span>
     <span class='ocr_line' id='line_1_25' title="bbox 344 3777 1467 3885; baseline 0.004 -31"><span class='ocrx_word' id='word_1_137' title='bbox 344 3778 566 3870; x_wconf 84' lang='lat' dir='ltr'><strong>latiusculis,</strong></span> <span class='ocrx_word' id='word_1_138' title='bbox 593 3784 761 3882; x_wconf 82' lang='lat' dir='ltr'><strong>nigrum,</strong></span> <span class='ocrx_word' id='word_1_139' title='bbox 797 3777 983 3858; x_wconf 89' lang='lat' dir='ltr'><strong>metallice</strong></span> <span class='ocrx_word' id='word_1_140' title='bbox 1009 3779 1222 3885; x_wconf 87' lang='lat' dir='ltr'><strong>splendens,</strong></span> <span class='ocrx_word' id='word_1_141' title='bbox 1249 3783 1384 3858; x_wconf 84' lang='lat' dir='ltr'><strong>tritura</strong></span> <span class='ocrx_word' id='word_1_142' title='bbox 1409 3787 1467 3858; x_wconf 90' lang='lat' dir='ltr'><strong>in·</strong></span> 
     </span>
     <span class='ocr_line' id='line_1_26' title="bbox 345 3897 1467 4006; baseline 0.005 -32"><span class='ocrx_word' id='word_1_143' title='bbox 345 3903 521 4004; x_wconf 85' lang='lat' dir='ltr'><strong>quinam,</strong></span> <span class='ocrx_word' id='word_1_144' title='bbox 542 3897 811 4006; x_wconf 86' lang='lat' dir='ltr'><strong>ponderosum,</strong></span> <span class='ocrx_word' id='word_1_145' title='bbox 833 3901 874 3974; x_wconf 90' lang='lat' dir='ltr'><strong>in</strong></span> <span class='ocrx_word' id='word_1_146' title='bbox 893 3901 979 4004; x_wconf 79' lang='lat' dir='ltr'><strong>igne</strong></span> <span class='ocrx_word' id='word_1_147' title='bbox 998 3897 1109 3978; x_wconf 86' lang='lat' dir='ltr'><strong>facile</strong></span> <span class='ocrx_word' id='word_1_148' title='bbox 1121 3898 1331 4005; x_wconf 83' lang='lat' dir='ltr'><strong>liquescens</strong></span> <span class='ocrx_word' id='word_1_149' title='bbox 1350 3915 1389 3980; x_wconf 88' lang='lat' dir='ltr'><strong>et</strong></span> <span class='ocrx_word' id='word_1_150' title='bbox 1402 3929 1467 3980; x_wconf 86' lang='lat' dir='ltr'><strong>ro·</strong></span> 
     </span>
     <span class='ocr_line' id='line_1_27' title="bbox 344 4017 1215 4126; baseline 0.002 -32"><span class='ocrx_word' id='word_1_151' title='bbox 344 4017 461 4096; x_wconf 86' lang='lat' dir='ltr'><strong>latile.</strong></span> <span class='ocrx_word' id='word_1_152' title='bbox 498 4019 558 4094; x_wconf 88' lang='lat' dir='ltr'><strong>Ad</strong></span> <span class='ocrx_word' id='word_1_153' title='bbox 581 4017 749 4097; x_wconf 86' lang='lat' dir='ltr'><strong>Stibium</strong></span> <span class='ocrx_word' id='word_1_154' title='bbox 770 4018 980 4126; x_wconf 85' lang='lat' dir='ltr'><strong>parandum</strong></span> <span class='ocrx_word' id='word_1_155' title='bbox 1001 4019 1215 4098; x_wconf 84' lang='lat' dir='ltr'><strong>adhibetur.</strong></span> 
     </span>
    </p>
   </div>
   <div class='ocr_carea' id='block_1_10' title="bbox 0 0 1700 4742">
    <p class='ocr_par' dir='ltr' id='par_1_10' title="bbox 0 0 1700 4742">
     <span class='ocr_line' id='line_1_28' title="bbox 0 0 1700 4742; baseline 0 2"><span class='ocrx_word' id='word_1_156' title='bbox 0 0 1700 4742; x_wconf 95' lang='lat' dir='ltr'><strong> </strong></span> 
     </span>
    </p>
   </div>
  </div>
 </body>
</html>
