3428 4742
764 349 937 500 ‹45›

339 563 406 648 tis,
455 587 588 667 sapore
629 562 833 644 aromatico
879 557 1075 650 subdulci,
1125 563 1241 642 odore
1281 561 1461 667 fragranti

338 685 550 772 mareotico,
584 683 773 786 principio
797 683 976 757 tinctorio
1001 685 1145 758 intense
1169 683 1287 772 ssavo,
1321 689 1362 758 in
1386 687 1460 789 spi·

337 806 414 878 ritu
441 804 519 876 vini
545 815 582 876 et
608 805 647 874 in
674 829 772 904 aqua
797 827 916 902 aeque
942 799 1114 891 solubili,
1143 803 1321 907 praedita.
1360 803 1460 880 Cave

337 921 384 997 ab
410 921 667 1024 heterogeneis
692 923 804 996 variis
829 922 1008 996 immixtis
1034 919 1157 998 forma
1184 923 1455 1025 dignoscendis,

337 1067 407 1117 nec
444 1067 522 1116 non
556 1069 577 1114 a
611 1039 757 1129 Croeo,
801 1043 863 1117 cui
904 1043 1134 1148 principium
1174 1045 1317 1146 tingens
1358 1043 1459 1118 dem·

337 1175 419 1236 tum
446 1173 516 1236 est.'
664 1169 667 1176 '

235 1335 495 1476 Cubebael
556 1387 782 1475 Kubeben.

292 1575 427 1690 Piper
450 1576 620 1658 Cubeba
642 1573 777 1660 Lina.
802 1611 867 1659 rau
892 1575 1029 1690 Piper
1047 1575 1277 1660 caudatam
1295 1579 1455 1692 Bergiz.

292 1709 439 1780 Frutea
466 1707 598 1779 Indiae
623 1707 814 1781 orientalis.

333 1879 525 1954 Barcae
558 1879 734 1966 siccatae,
773 1877 907 1966 durae,
941 1877 1231 1984 pedunculatae,
1267 1878 1455 1982 globosae,

217 2011 223 2024 ’
336 1996 563 2073 reticulatim
588 2023 760 2098 rugosae,
795 1995 933 2071 coloris
958 2000 1111 2087 cinerei,
1140 1998 1395 2100 magnitudine
1413 2013 1458 2090 ,et

334 2116 457 2193 forma
482 2119 641 2220 piperis,
679 2112 953 2206 uniloculares,
988 2119 1127 2191 semine
1150 2115 1336 2208 solitario,
1365 2119 1457 2194 odo·
1562 2101 1567 2110 ’

334 2237 386 2313 ris
411 2236 622 2338 fragrantis,
655 2237 798 2339 saporis
824 2237 918 2310 acris
937 2239 1149 2312 aromatici.

233 2465 526 2552 Cuminum.
560 2465 760 2553 Semen.
821 2448 1177 2548 Mutterlciimmel
1197 2479 1284 2552 oder
1306 2469 1457 2549 Rama·-

345 2595 461 2678 soter
486 2595 709 2681 Kaimmel.

291 2759 534 2866 (luminam¹
551 2783 776 2892 &minum
802 2779 935 2864 Lina.
1000 2791 1131 2864 Planta
1157 2815 1280 2862 annua
1304 2795 1456 2863 orienta-

177 2925 182 2941 ‘
291 2915 348 3000 lt's,·
366 2907 412 2986 'in
437 2915 589 3012 Europa
614 2913 723 2984 culta.

264 3105 273 3134 -’
385 3073 536 3150 Semina
568 3069 749 3174 oblonga,
787 3074 930 3174 striata,
968 3069 1117 3146 eflavo
1149 3073 1314 3161 cinerea,
1351 3099 1454 3176 aspe-

335 3190 515 3283 ausculta,
544 3194 687 3297 saporis
710 3204 748 3267 et
774 3189 898 3266 odoris
921 3191 1117 3266 'aromatici
1144 3189 1400 3268 submureosi.

235 3382 477 3498 Cuprum.
538 3379 727 3497 Kujfirr.

487 3534 537 3606 In
561 3529 709 3633 afficiatis
734 3531 936 3604 atetaHaruLt
960 3558 980 3602 e
1005 3534 1147 3605 traheris
1171 3533 1360 3636 eliquatur.

384 3665 584 3743 Metallum
610 3663 763 3755 ductile,
792 3667 938 3754 rufum,
966 3695 1006 3771 p.
1023 3693 1079 3772 sp.
1105 3665 1186 3742 fere
1208 3672 1287 3755 9,0.
1341 3665 1454 3744 Solu-

334 3801 417 3862 tum
440 3787 588 3890 liquore
614 3784 688 3860 tali
714 3785 1251 3891 ferruginosa-hydroryanici
1280 3783 1407 3863 colore
1433 3816 1455 3862 e

333 3905 443 3984 fusco
469 3907 587 3983 rubro
613 3907 895 4011 praecipitatur,
924 3919 962 3980 et
986 3903 1136 4008 liquore
1163 3907 1341 3982 ammonii
1365 3934 1452 3982 cau-

334 4027 415 4102 stici
442 4025 575 4103 adfuso
602 4023 735 4102 colore
754 4022 930 4102 caeruleo
959 4022 1136 4101 inficitur.
1215 4087 1218 4094 .
