<?xml version="1.0" encoding="UTF-8"?>
<!DOCTYPE html PUBLIC "-//W3C//DTD XHTML 1.0 Transitional//EN"
    "http://www.w3.org/TR/xhtml1/DTD/xhtml1-transitional.dtd">
<html xmlns="http://www.w3.org/1999/xhtml" xml:lang="en" lang="en">
 <head>
  <title>
</title>
<meta http-equiv="Content-Type" content="text/html;charset=utf-8" />
  <meta name='ocr-system' content='tesseract 3.04.00' />
  <meta name='ocr-capabilities' content='ocr_page ocr_carea ocr_par ocr_line ocrx_word'/>
</head>
<body>
  <div class='ocr_page' id='page_1' title='image "./pharmacopocabor00unkngoog_0244.png"; bbox 0 0 3352 4736; ppageno 0'>
   <div class='ocr_carea' id='block_1_1' title="bbox 681 315 1125 441">
    <p class='ocr_par' dir='ltr' id='par_1_1' title="bbox 681 315 1125 441">
     <span class='ocr_line' id='line_1_1' title="bbox 681 315 1125 441; baseline 0.023 -12"><span class='ocrx_word' id='word_1_1' title='bbox 681 315 979 431; x_wconf 68' lang='lat' dir='ltr'>raa&gt;</span> <span class='ocrx_word' id='word_1_2' title='bbox 1122 435 1125 441; x_wconf 82' lang='grc'>,</span> 
     </span>
    </p>
   </div>
   <div class='ocr_carea' id='block_1_2' title="bbox 302 527 1434 828">
    <p class='ocr_par' dir='ltr' id='par_1_2' title="bbox 302 527 1434 828">
     <span class='ocr_line' id='line_1_2' title="bbox 302 527 1434 676; baseline -0.002 -41"><span class='ocrx_word' id='word_1_3' title='bbox 302 532 593 676; x_wconf 87' lang='lat' dir='ltr'><strong>Spiritus</strong></span> <span class='ocrx_word' id='word_1_4' title='bbox 642 527 1434 675; x_wconf 82' lang='lat' dir='ltr'>sulphurico·aethereus.</span> 
     </span>
     <span class='ocr_line' id='line_1_3' title="bbox 466 691 1370 828; baseline -0.001 -61"><span class='ocrx_word' id='word_1_5' title='bbox 466 693 618 796; x_wconf 68' lang='lat' dir='ltr'>(Laquor</span> <span class='ocrx_word' id='word_1_6' title='bbox 643 691 835 790; x_wconf 80' lang='lat' dir='ltr'>anodynus</span> <span class='ocrx_word' id='word_1_7' title='bbox 854 691 1032 828; x_wconf 55' lang='lat' dir='ltr'>miserulis</span> <span class='ocrx_word' id='word_1_8' title='bbox 1056 691 1286 793; x_wconf 82' lang='lat' dir='ltr'>Hofmanm&#39;.)</span> <span class='ocrx_word' id='word_1_9' title='bbox 1363 735 1370 748; x_wconf 95' lang='lat'><strong>·</strong></span> 
     </span>
    </p>
   </div>
   <div class='ocr_carea' id='block_1_3' title="bbox 262 844 1488 1215">
    <p class='ocr_par' dir='ltr' id='par_1_3' title="bbox 262 844 1488 1215">
     <span class='ocr_line' id='line_1_4' title="bbox 262 844 1140 960; baseline -0.003 -29"><span class='ocrx_word' id='word_1_10' title='bbox 262 847 320 930; x_wconf 84' lang='lat' dir='ltr'>R.</span> <span class='ocrx_word' id='word_1_11' title='bbox 376 844 562 931; x_wconf 81' lang='lat' dir='ltr'>Aetheris</span> <span class='ocrx_word' id='word_1_12' title='bbox 585 845 806 960; x_wconf 87' lang='lat' dir='ltr'>sulphurici</span> <span class='ocrx_word' id='word_1_13' title='bbox 828 865 983 958; x_wconf 87' lang='lat' dir='ltr'>partem</span> <span class='ocrx_word' id='word_1_14' title='bbox 1001 872 1140 958; x_wconf 83' lang='lat' dir='ltr'>unam,</span> 
     </span>
     <span class='ocr_line' id='line_1_5' title="bbox 378 971 1488 1090; baseline -0.002 -28"><span class='ocrx_word' id='word_1_15' title='bbox 378 972 551 1090; x_wconf 82' lang='lat' dir='ltr'>Spiritus</span> <span class='ocrx_word' id='word_1_16' title='bbox 566 973 665 1064; x_wconf 85' lang='lat' dir='ltr'>Vini</span> <span class='ocrx_word' id='word_1_17' title='bbox 689 971 837 1062; x_wconf 76' lang='lat' dir='ltr'>Gallici</span> <span class='ocrx_word' id='word_1_18' title='bbox 862 975 1037 1059; x_wconf 85' lang='lat' dir='ltr'>fortioris</span> <span class='ocrx_word' id='word_1_19' title='bbox 1061 981 1197 1060; x_wconf 84' lang='lat' dir='ltr'>eoloris</span> <span class='ocrx_word' id='word_1_20' title='bbox 1223 985 1400 1087; x_wconf 81' lang='lat' dir='ltr'>expertis,</span> <span class='ocrx_word' id='word_1_21' title='bbox 1428 981 1488 1060; x_wconf 80' lang='lat' dir='ltr'>rel</span> 
     </span>
     <span class='ocr_line' id='line_1_6' title="bbox 692 1099 1487 1215; baseline 0.008 -30"><span class='ocrx_word' id='word_1_22' title='bbox 692 1112 725 1136; x_wconf 59' lang='lat'><em>²</em></span> <span class='ocrx_word' id='word_1_23' title='bbox 780 1113 822 1186; x_wconf 90' lang='lat' dir='ltr'>in</span> <span class='ocrx_word' id='word_1_24' title='bbox 861 1110 976 1214; x_wconf 90' lang='lat' dir='ltr'>hujus</span> <span class='ocrx_word' id='word_1_25' title='bbox 1009 1110 1159 1188; x_wconf 86' lang='lat' dir='ltr'>defectu</span> <span class='ocrx_word' id='word_1_26' title='bbox 1193 1099 1364 1215; x_wconf 86' lang='lat' dir='ltr'>Spiritus</span> <span class='ocrx_word' id='word_1_27' title='bbox 1390 1101 1487 1191; x_wconf 78' lang='lat' dir='ltr'>Vini</span> 
     </span>
    </p>
   </div>
   <div class='ocr_carea' id='block_1_4' title="bbox 313 1229 1368 1422">
    <p class='ocr_par' dir='ltr' id='par_1_4' title="bbox 313 1229 1368 1422">
     <span class='ocr_line' id='line_1_7' title="bbox 780 1229 1368 1346; baseline 0.002 -31"><span class='ocrx_word' id='word_1_28' title='bbox 780 1229 1099 1316; x_wconf 81' lang='lat' dir='ltr'>rectificatissimi</span> <span class='ocrx_word' id='word_1_29' title='bbox 1122 1253 1251 1346; x_wconf 79' lang='lat' dir='ltr'>partes</span> <span class='ocrx_word' id='word_1_30' title='bbox 1275 1254 1368 1318; x_wconf 82' lang='lat' dir='ltr'>tres.</span> 
     </span>
     <span class='ocr_line' id='line_1_8' title="bbox 313 1345 698 1422; baseline -0.008 0"><span class='ocrx_word' id='word_1_31' title='bbox 313 1346 432 1422; x_wconf 83' lang='lat' dir='ltr'>Mixta</span> <span class='ocrx_word' id='word_1_32' title='bbox 456 1345 554 1420; x_wconf 86' lang='lat' dir='ltr'>bene</span> <span class='ocrx_word' id='word_1_33' title='bbox 579 1371 698 1422; x_wconf 84' lang='lat' dir='ltr'>serva.</span> 
     </span>
    </p>
   </div>
   <div class='ocr_carea' id='block_1_5' title="bbox 259 1461 1485 1931">
    <p class='ocr_par' dir='ltr' id='par_1_5' title="bbox 259 1461 1485 1790">
     <span class='ocr_line' id='line_1_9' title="bbox 312 1461 1485 1570; baseline -0.002 -29"><span class='ocrx_word' id='word_1_34' title='bbox 312 1465 371 1541; x_wconf 86' lang='lat' dir='ltr'>Sit</span> <span class='ocrx_word' id='word_1_35' title='bbox 387 1462 582 1568; x_wconf 87' lang='lat' dir='ltr'>limpidus,</span> <span class='ocrx_word' id='word_1_36' title='bbox 611 1462 913 1570; x_wconf 79' lang='lat' dir='ltr'>coloris&#39;expers,</span> <span class='ocrx_word' id='word_1_37' title='bbox 943 1476 981 1538; x_wconf 90' lang='lat' dir='ltr'>et</span> <span class='ocrx_word' id='word_1_38' title='bbox 992 1461 1040 1536; x_wconf 86' lang='lat' dir='ltr'>ab</span> <span class='ocrx_word' id='word_1_39' title='bbox 1056 1463 1361 1566; x_wconf 76' lang='lat' dir='ltr'>inquinamentis,</span> <span class='ocrx_word' id='word_1_40' title='bbox 1389 1489 1485 1566; x_wconf 83' lang='lat' dir='ltr'>quae</span> 
     </span>
     <span class='ocr_line' id='line_1_10' title="bbox 259 1579 1483 1688; baseline -0.001 -30"><span class='ocrx_word' id='word_1_41' title='bbox 259 1579 402 1659; x_wconf 81' lang='lat' dir='ltr'>aetheri</span> <span class='ocrx_word' id='word_1_42' title='bbox 430 1581 653 1688; x_wconf 87' lang='lat' dir='ltr'>sulphurico</span> <span class='ocrx_word' id='word_1_43' title='bbox 678 1585 797 1659; x_wconf 87' lang='lat' dir='ltr'>inesse</span> <span class='ocrx_word' id='word_1_44' title='bbox 826 1594 999 1686; x_wconf 79' lang='lat' dir='ltr'>possunt,</span> <span class='ocrx_word' id='word_1_45' title='bbox 1032 1579 1143 1657; x_wconf 88' lang='lat' dir='ltr'>liber.</span> <span class='ocrx_word' id='word_1_46' title='bbox 1183 1581 1227 1657; x_wconf 92' lang='lat' dir='ltr'>P.</span> <span class='ocrx_word' id='word_1_47' title='bbox 1244 1607 1345 1686; x_wconf 84' lang='lat' dir='ltr'>spec.</span> <span class='ocrx_word' id='word_1_48' title='bbox 1364 1586 1483 1672; x_wconf 81' lang='lat'><strong>0,855</strong></span> 
     </span>
     <span class='ocr_line' id='line_1_11' title="bbox 267 1705 452 1790; baseline 0.011 -16"><span class='ocrx_word' id='word_1_49' title='bbox 267 1705 452 1790; x_wconf 77' lang='lat' dir='ltr'>-o,stt.</span> 
     </span>
    </p>

    <p class='ocr_par' dir='ltr' id='par_1_6' title="bbox 312 1826 1052 1931">
     <span class='ocr_line' id='line_1_12' title="bbox 312 1826 1052 1931; baseline -0.004 -29"><span class='ocrx_word' id='word_1_50' title='bbox 312 1827 457 1902; x_wconf 85' lang='lat' dir='ltr'>Eodem</span> <span class='ocrx_word' id='word_1_51' title='bbox 481 1826 595 1903; x_wconf 87' lang='lat' dir='ltr'>modo</span> <span class='ocrx_word' id='word_1_52' title='bbox 620 1840 775 1931; x_wconf 80' lang='lat' dir='ltr'>peretur</span> <span class='ocrx_word' id='word_1_53' title='bbox 800 1839 839 1901; x_wconf 90' lang='lat' dir='ltr'>et</span> <span class='ocrx_word' id='word_1_54' title='bbox 862 1839 1052 1902; x_wconf 83' lang='lat' dir='ltr'>servetur:</span> 
     </span>
    </p>
   </div>
   <div class='ocr_carea' id='block_1_6' title="bbox 261 1951 1484 2787">
    <p class='ocr_par' dir='ltr' id='par_1_7' title="bbox 261 1951 1484 2787">
     <span class='ocr_line' id='line_1_13' title="bbox 261 1951 1484 2099; baseline -0.002 -41"><span class='ocrx_word' id='word_1_55' title='bbox 261 1954 530 2099; x_wconf 85' lang='lat' dir='ltr'>Spiritus</span> <span class='ocrx_word' id='word_1_56' title='bbox 590 1951 1199 2075; x_wconf 58' lang='lat' dir='ltr'>ucetico-aethereus</span> <span class='ocrx_word' id='word_1_57' title='bbox 1240 2007 1285 2055; x_wconf 78' lang='lat' dir='ltr'>ex</span> <span class='ocrx_word' id='word_1_58' title='bbox 1314 1970 1484 2055; x_wconf 76' lang='lat' dir='ltr'>Aethere</span> 
     </span>
     <span class='ocr_line' id='line_1_14' title="bbox 768 2096 1484 2211; baseline 0.003 -29"><span class='ocrx_word' id='word_1_59' title='bbox 768 2100 922 2182; x_wconf 86' lang='lat' dir='ltr'>acetico</span> <span class='ocrx_word' id='word_1_60' title='bbox 949 2119 987 2182; x_wconf 87' lang='lat' dir='ltr'>et</span> <span class='ocrx_word' id='word_1_61' title='bbox 1025 2096 1179 2211; x_wconf 85' lang='lat' dir='ltr'>Spiritu</span> <span class='ocrx_word' id='word_1_62' title='bbox 1213 2098 1309 2186; x_wconf 90' lang='lat' dir='ltr'>Vini</span> <span class='ocrx_word' id='word_1_63' title='bbox 1338 2099 1484 2185; x_wconf 84' lang='lat' dir='ltr'>Gallici</span> 
     </span>
     <span class='ocr_line' id='line_1_15' title="bbox 772 2217 1484 2330; baseline 0.007 -30"><span class='ocrx_word' id='word_1_64' title='bbox 772 2217 928 2300; x_wconf 82' lang='lat' dir='ltr'>fortiori</span> <span class='ocrx_word' id='word_1_65' title='bbox 946 2223 1082 2303; x_wconf 87' lang='lat' dir='ltr'>eoloris</span> <span class='ocrx_word' id='word_1_66' title='bbox 1102 2229 1259 2330; x_wconf 82' lang='lat' dir='ltr'>experti,</span> <span class='ocrx_word' id='word_1_67' title='bbox 1279 2227 1340 2306; x_wconf 83' lang='lat' dir='ltr'>rel</span> <span class='ocrx_word' id='word_1_68' title='bbox 1359 2232 1398 2304; x_wconf 87' lang='lat' dir='ltr'>in</span> <span class='ocrx_word' id='word_1_69' title='bbox 1411 2228 1484 2305; x_wconf 91' lang='lat' dir='ltr'>hu·</span> 
     </span>
     <span class='ocr_line' id='line_1_16' title="bbox 768 2333 1484 2447; baseline 0.003 -27"><span class='ocrx_word' id='word_1_70' title='bbox 768 2345 827 2447; x_wconf 84' lang='lat' dir='ltr'>jus</span> <span class='ocrx_word' id='word_1_71' title='bbox 846 2343 1031 2420; x_wconf 83' lang='lat' dir='ltr'>defectae</span> <span class='ocrx_word' id='word_1_72' title='bbox 1047 2333 1199 2447; x_wconf 84' lang='lat' dir='ltr'>Spiritu</span> <span class='ocrx_word' id='word_1_73' title='bbox 1215 2335 1312 2422; x_wconf 88' lang='lat' dir='ltr'>Vini</span> <span class='ocrx_word' id='word_1_74' title='bbox 1334 2336 1484 2422; x_wconf 88' lang='lat' dir='ltr'>rectifi-</span> 
     </span>
     <span class='ocr_line' id='line_1_17' title="bbox 770 2453 1480 2571; baseline 0.01 -35"><span class='ocrx_word' id='word_1_75' title='bbox 770 2453 995 2562; x_wconf 77' lang='lat' dir='ltr'>catissim05</span> <span class='ocrx_word' id='word_1_76' title='bbox 1022 2465 1070 2538; x_wconf 88' lang='lat' dir='ltr'>sit</span> <span class='ocrx_word' id='word_1_77' title='bbox 1082 2461 1272 2566; x_wconf 86' lang='lat' dir='ltr'>limpidus,</span> <span class='ocrx_word' id='word_1_78' title='bbox 1293 2463 1480 2571; x_wconf 83' lang='lat' dir='ltr'>hyalinus,</span> 
     </span>
     <span class='ocr_line' id='line_1_18' title="bbox 769 2579 1477 2688; baseline 0.011 -34"><span class='ocrx_word' id='word_1_79' title='bbox 769 2607 840 2656; x_wconf 89' lang='lat' dir='ltr'>nec</span> <span class='ocrx_word' id='word_1_80' title='bbox 866 2579 1005 2658; x_wconf 85' lang='lat' dir='ltr'>acidus.</span> <span class='ocrx_word' id='word_1_81' title='bbox 1052 2586 1095 2654; x_wconf 91' lang='grc' dir='ltr'>Ρ.</span> <span class='ocrx_word' id='word_1_82' title='bbox 1112 2608 1213 2688; x_wconf 85' lang='lat' dir='ltr'>spec.</span> <span class='ocrx_word' id='word_1_83' title='bbox 1235 2617 1281 2652; x_wconf 93' lang='lat'>=</span> <span class='ocrx_word' id='word_1_84' title='bbox 1298 2591 1420 2675; x_wconf 57' lang='lat' dir='ltr'>onst</span> <span class='ocrx_word' id='word_1_85' title='bbox 1438 2629 1477 2646; x_wconf 90' lang='lat'>-</span> 
     </span>
     <span class='ocr_line' id='line_1_19' title="bbox 769 2702 906 2787; baseline 0.015 -16"><span class='ocrx_word' id='word_1_86' title='bbox 769 2702 906 2787; x_wconf 85' lang='lat'><strong>0,895.</strong></span> 
     </span>
    </p>
   </div>
   <div class='ocr_carea' id='block_1_7' title="bbox 316 2931 1425 3086">
    <p class='ocr_par' dir='ltr' id='par_1_8' title="bbox 282 2931 1425 3086">
     <span class='ocr_line' id='line_1_20' title="bbox 316 2931 1425 3086; baseline 0.003 -47.881"><span class='ocrx_word' id='word_1_87' title='bbox 316 2935 604 3078; x_wconf 85' lang='lat' dir='ltr'>Spiritus</span> <span class='ocrx_word' id='word_1_88' title='bbox 655 2931 1425 3086; x_wconf 75' lang='lat' dir='ltr'>sulphuriep·aethereus</span> 
     </span>
    </p>
   </div>
   <div class='ocr_carea' id='block_1_8' title="bbox 389 3097 1347 3378">
    <p class='ocr_par' dir='ltr' id='par_1_9' title="bbox 389 3097 1347 3378">
     <span class='ocr_line' id='line_1_21' title="bbox 389 3097 1347 3238; baseline 0.007 -42"><span class='ocrx_word' id='word_1_89' title='bbox 389 3097 838 3238; x_wconf 83' lang='lat' dir='ltr'>ferruginosus</span> <span class='ocrx_word' id='word_1_90' title='bbox 883 3145 950 3195; x_wconf 76' lang='lat' dir='ltr'>seu</span> <span class='ocrx_word' id='word_1_91' title='bbox 990 3100 1347 3203; x_wconf 87' lang='lat' dir='ltr'>martiatus.</span> 
     </span>
     <span class='ocr_line' id='line_1_22' title="bbox 581 3275 1151 3378; baseline 0.007 -31"><span class='ocrx_word' id='word_1_92' title='bbox 581 3275 731 3378; x_wconf 65' lang='lat' dir='ltr'>(hquor</span> <span class='ocrx_word' id='word_1_93' title='bbox 745 3275 935 3376; x_wconf 71' lang='lat' dir='ltr'>anodyaus</span> <span class='ocrx_word' id='word_1_94' title='bbox 950 3277 1151 3377; x_wconf 71' lang='lat' dir='ltr'>nuruirlr&#39;s.)</span> 
     </span>
    </p>
   </div>
   <div class='ocr_carea' id='block_1_9' title="bbox 258 3444 1435 3691">
    <p class='ocr_par' dir='ltr' id='par_1_10' title="bbox 258 3444 1435 3691">
     <span class='ocr_line' id='line_1_23' title="bbox 258 3444 1435 3564; baseline 0.003 -32"><span class='ocrx_word' id='word_1_95' title='bbox 258 3449 337 3536; x_wconf 59' lang='lat' dir='ltr'>R„</span> <span class='ocrx_word' id='word_1_96' title='bbox 372 3446 557 3561; x_wconf 88' lang='lat' dir='ltr'>Liquoris</span> <span class='ocrx_word' id='word_1_97' title='bbox 581 3444 690 3529; x_wconf 85' lang='lat' dir='ltr'>Ferri</span> <span class='ocrx_word' id='word_1_98' title='bbox 716 3449 913 3532; x_wconf 86' lang='lat' dir='ltr'>muriatici</span> <span class='ocrx_word' id='word_1_99' title='bbox 936 3447 1102 3560; x_wconf 84' lang='lat' dir='ltr'>oxydati</span> <span class='ocrx_word' id='word_1_100' title='bbox 1123 3471 1278 3564; x_wconf 89' lang='lat' dir='ltr'>partem</span> <span class='ocrx_word' id='word_1_101' title='bbox 1297 3481 1435 3562; x_wconf 84' lang='lat' dir='ltr'>unam,</span> 
     </span>
     <span class='ocr_line' id='line_1_24' title="bbox 377 3575 1093 3691; baseline 0.001 -30"><span class='ocrx_word' id='word_1_102' title='bbox 377 3577 560 3661; x_wconf 83' lang='lat' dir='ltr'>Aetheris</span> <span class='ocrx_word' id='word_1_103' title='bbox 585 3575 805 3690; x_wconf 91' lang='lat' dir='ltr'>sulphurici</span> <span class='ocrx_word' id='word_1_104' title='bbox 828 3599 957 3691; x_wconf 87' lang='lat' dir='ltr'>partes</span> <span class='ocrx_word' id='word_1_105' title='bbox 980 3577 1093 3664; x_wconf 86' lang='lat' dir='ltr'>duas.</span> 
     </span>
    </p>
   </div>
   <div class='ocr_carea' id='block_1_10' title="bbox 261 3729 1481 4043">
    <p class='ocr_par' dir='ltr' id='par_1_11' title="bbox 261 3729 1481 4043">
     <span class='ocr_line' id='line_1_25' title="bbox 308 3729 1476 3838; baseline 0.006 -34"><span class='ocrx_word' id='word_1_106' title='bbox 308 3731 354 3805; x_wconf 88' lang='lat' dir='ltr'>In</span> <span class='ocrx_word' id='word_1_107' title='bbox 382 3757 466 3806; x_wconf 82' lang='lat' dir='ltr'>vase</span> <span class='ocrx_word' id='word_1_108' title='bbox 491 3729 629 3806; x_wconf 89' lang='lat' dir='ltr'>idoneo</span> <span class='ocrx_word' id='word_1_109' title='bbox 665 3745 961 3833; x_wconf 80' lang='lat' dir='ltr'>conquassentur</span> <span class='ocrx_word' id='word_1_110' title='bbox 988 3759 1057 3838; x_wconf 90' lang='lat' dir='ltr'>per</span> <span class='ocrx_word' id='word_1_111' title='bbox 1081 3733 1196 3811; x_wconf 89' lang='lat' dir='ltr'>horae</span> <span class='ocrx_word' id='word_1_112' title='bbox 1221 3735 1476 3838; x_wconf 79' lang='lat' dir='ltr'>quadrantem.</span> 
     </span>
     <span class='ocr_line' id='line_1_26' title="bbox 261 3849 1481 3958; baseline 0.007 -36"><span class='ocrx_word' id='word_1_113' title='bbox 261 3849 409 3951; x_wconf 90' lang='lat' dir='ltr'>Liquor</span> <span class='ocrx_word' id='word_1_114' title='bbox 427 3861 671 3955; x_wconf 85' lang='lat' dir='ltr'>supernatans</span> <span class='ocrx_word' id='word_1_115' title='bbox 689 3865 882 3956; x_wconf 85' lang='lat' dir='ltr'>separetur</span> <span class='ocrx_word' id='word_1_116' title='bbox 901 3863 940 3925; x_wconf 89' lang='lat' dir='ltr'>et</span> <span class='ocrx_word' id='word_1_117' title='bbox 957 3850 1071 3955; x_wconf 86' lang='lat' dir='ltr'>hujus</span> <span class='ocrx_word' id='word_1_118' title='bbox 1088 3873 1175 3958; x_wconf 82' lang='lat' dir='ltr'>pars</span> <span class='ocrx_word' id='word_1_119' title='bbox 1189 3875 1270 3928; x_wconf 87' lang='lat' dir='ltr'>una</span> <span class='ocrx_word' id='word_1_120' title='bbox 1283 3858 1481 3932; x_wconf 86' lang='lat' dir='ltr'>misceatur</span> 
     </span>
     <span class='ocr_line' id='line_1_27' title="bbox 262 3995 350 4043; baseline -0.023 0"><span class='ocrx_word' id='word_1_121' title='bbox 262 3995 350 4043; x_wconf 86' lang='lat' dir='ltr'>cum</span> 
     </span>
    </p>
   </div>
   <div class='ocr_carea' id='block_1_11' title="bbox 0 0 1680 4736">
    <p class='ocr_par' dir='ltr' id='par_1_12' title="bbox 0 0 1680 4736">
     <span class='ocr_line' id='line_1_28' title="bbox 0 0 1680 4736; baseline 0 2"><span class='ocrx_word' id='word_1_122' title='bbox 0 0 1680 4736; x_wconf 95' lang='lat' dir='ltr'> </span> 
     </span>
    </p>
   </div>
  </div>
 </body>
</html>
