3392 4742
768 342 972 489 (155)

344 605 353 612 ·
371 557 523 646 Cassiae
541 559 856 671 cinnamomum,
889 565 1126 674 singulorum
1146 583 1396 650 contusomm
1413 595 1485 649 un·

816 693 895 776 cias
916 687 1031 802 duas,
1451 705 1459 720 “

368 819 463 906 Kali
480 819 685 906 carbunici
702 853 725 906 e
745 823 828 906 cin.¹
846 821 950 908 clav.
971 823 1134 908 unciam
1152 853 1290 907 unam.

369 950 467 1038 Vim
486 949 729 1040 Malacencis
750 951 870 1040 libras
890 973 1078 1070 quamor.

304 1109 394 1188 Post
407 1107 651 1213 digestionem
664 1111 1101 1214 sufficientemexpsime.
1123 1111 1170 1186 In
1184 1108 1351 1188 colstmu
1370 1101 1483 1190 libra·

255 1259 348 1314 mm
367 1233 491 1314 nium
516 1253 554 1316 et
577 1232 789 1316 uncinum
805 1251 918 1344 octo,
950 1237 1054 1315 solve

369 1375 548 1464 Extracti
571 1377 793 1490 Absinthii‚

570 1507 820 1621 Cascarillae,

568 1638 803 1750 Gentianae,

569 1770 733 1856 'lrifolii
750 1777 985 1884 singulorum
1010 1771 1173 1855 unciam
1189 1801 1328 1858 unam.

304 1919 394 1996 Post
406 1917 675 1996 subsidentium
687 1933 725 1995 et
738 1915 1061 1994 decentimtionem
1069 1916 1211 2022 liquori
1219 1919 1377 2028 limpido
1387 1923 1480 2002 sdde

255 2171 264 2189 ·
365 2055 458 2144 Olei
480 2053 654 2144 Corticis
678 2055 790 2144 Citri
805 2053 1038 2140 drachmam
1061 2086 1187 2142 unam

251 2195 293 2245 m
366 2271 540 2392 Spiritus
563 2269 996 2388 sulphutico·aetherei
1018 2271 1146 2356 unciis
1171 2269 1328 2360 duabus

252 2437 427 2517 solutum.
482 2437 598 2517 sema
619 2439 715 2516 bene
735 2452 773 2516 et
792 2450 879 2513 ante
898 2437 1212 2542 dispensationem
1231 2439 1341 2544 agite.

303 2559 361 2638 Sit
380 2559 547 2652 fuscum,
575 2587 654 2637 non
674 2560 785 2634 nimis
806 2557 1019 2635 turbidum.

384 2789 597 2894 Etixir.
633 2827 661 2896 e
697 2792 894 2894 Suceo
932 2789 1336 2932 Liquiritiae.

622 2958 716 3045 (Loco
740 2953 888 3024 Elixiris'
900 2955 1097 3042 pectoralis.)

251 3096 311 3178 It.
366 3072 500 3182 Succi‘
513 3093 746 3212 Liquiritiae
769 3089 951 3208 depurati
973 3093 1110 3177 uncias
1134 3087 1248 3179 duas.

300 3258 415 3339 Solve
439 3262 480 3337 in

362 3417 505 3533 Aquae
531 3415 742 3502 Foeniculi
762 3415 894 3501 unciis
916 3443 999 3500 sex.
1121 3455 1126 3464 ·

301 3579 492 3659 Solutioni
515 3580 754 3658 decanthaue
776 3593 814 3659 et
833 3578 975 3660 colatae
994 3580 1087 3657 adde

364 3737 551 3854 liquoris
574 3737 785 3824 Ammonii
809 3738 947 3823 misssi
970 3738 1107 3824 uncias
1132 3733 1245 3822 duas.

300 3903 422 3980 Mim
447 3906 487 3982 iu
511 3931 597 3982 mse
620 3905 718 3982 bene
747 3900 874 3980 clauso
900 3929 1018 3982 seuve.

302 4022 360 4100 Sit
379 4021 545 4114 fuscum,
568 4023 709 4128 absque
730 4022 948 4100 sedimento.

1196 4138 1381 4231 Uel
