3428 4742
768 311 946 430 (⁶²)

394 525 517 604 Radix
536 523 756 632 eylindrica,
780 551 940 616 ramosa,
963 525 1103 641 tenuis,
1128 523 1311 616 flexuosa,
1337 549 1473 604 renu-

343 651 396 725 cis
420 647 674 724 eminentibus
699 643 961 748 inaequalibus
982 647 1206 724 numerosis.
1248 646 1406 726 Constat
1426 673 1473 724 ex

344 767 572 874 epidermide
598 770 846 870 nigrescente,
874 791 896 840 e
919 768 1060 842 cortice
1087 765 1285 859 albicante,
1313 769 1470 861 nitente,

342 887 486 992 fragili,
514 913 642 963 amaro
669 901 707 963 et
731 889 1041 978 acri-nauseoso,
1069 900 1184 991 atquc
1209 913 1256 965 ex
1280 901 1388 993 parte
1412 891 1473 964 in·

341 1011 472 1086 teriori
503 1005 645 1111 lignea,
682 1007 995 1097 cubilarescente,
1033 1007 1207 1113 insipida.
1268 1007 1399 1086 Pulvis
1431 1011 1473 1086 in

238 1209 241 1216 ,
341 1131 439 1207 vasis
463 1128 561 1206 bene
586 1127 735 1217 clausis,
764 1154 835 1205 nec
858 1129 971 1206 nimis
998 1127 1065 1204 diu
1091 1144 1276 1208 serretur.

395 1253 504 1327 Dosis
527 1251 580 1326 ad
602 1248 824 1326 Druelrmam
848 1249 1045 1326 drumm.

242 1437 334 1525 Iris
359 1435 660 1522 Florentino.
693 1431 857 1520 Radix.
898 1433 1229 1520 Florentinisohe
1252 1367 1473 1525 Veilehen-

355 1557 528 1648 oursel.

298 1708 385 1792 Iris
413 1703 664 1792 Florentino
689 1699 824 1788 Lina.
883 1713 1020 1787 Planta
1041 1718 1209 1816 pemmo
1233 1715 1379 1790 Iutae.

396 1850 518 1930 Radix
538 1849 677 1953 (stolo)
700 1849 856 1942 nodosa,
885 1862 1095 1956 compacta,
1122 1855 1288 1928 crassitie
1307 1850 1470 1960 pollicis,

344 1991 432 2080 post
456 1987 642 2050 resectum
668 1973 848 2048 corticem
874 1999 964 2048 curn
989 1968 1166 2048 radiculis
1189 1970 1292 2066 alba,
1320 1977 1472 2079 punctis

345 2093 535 2171 subfuscis
559 2105 700 2183 notata,
729 2089 847 2168 odore
871 2089 1074 2170 violarum.

241 2279 479 2393 Juglans.
510 2276 698 2364 Nuces.
766 2275 1025 2363 Wallnrisse.

300 2431 338 2514 J
334 2429 488 2548 aglons
511 2432 628 2544 regia
648 2425 781 2512 Lino.
825 2438 1002 2514 Artoria
1022 2440 1151 2512 Persa‘a
1170 2455 1208 2512 et
1225 2438 1336 2514 Indus
1358 2445 1472 2518 orren-

304 2563 370 2636 talr'
390 2560 572 2660 indigena,
601 2564 639 2633 in
657 2562 852 2635 Gemmnriz
876 2559 988 2633 ordio.

447 2697 574 2774 Nuces
599 2693 771 2772 rancidae
797 2693 1030 2799 rejiciantur.

242 2885 270 2974 J
281 2883 482 2997 uglans.
522 2879 672 2968 Nucis
702 2902 867 2968 cortex
895 2877 1083 2967 viridis.
1148 2883 1297 2968 Grune
1332 2881 1472 2968 Wall»

358 3011 613 3135 nuſsuctate.

449 3169 593 3248 Cortex
618 3195 700 3247 non
724 3171 796 3248 nisi
822 3195 953 3248 recens
979 3180 1164 3248 sumatur.

243 3361 458 3477 Juglans.
490 3361 645 3448 Nuces
669 3364 961 3448 immaturae.
1011 3357 1188 3481 Unreifi
1209 3361 1469 3450 Wollnu'sse.

346 3536 473 3614 Nuces
485 3547 654 3614 recentes
668 3532 895 3640 colligantur
907 3535 1000 3612 dum
1013 3562 1083 3612 acu
1095 3535 1282 3642 perforari
1296 3549 1468 3642 possunt.

207 3773 211 3780 ’
245 3741 552 3855 Juniperus.
584 3739 793 3826 Baccae.
861 3739 1306 3828 Wuolrlrolderbeemn.

303 3885 538 4000 Jum'perus
564 3889 800 3972 eommunis
828 3883 961 3972 Lino.
1006 3899 1126 3974 Assar
1149 3915 1214 3974 aut
1227 3901 1366 4000 frutex
1387 3899 1471 3972 Eu·

305 4043 412 4118 ropac
437 4019 598 4096 tomulo.
