3352 4736
755 323 960 440 (aar)

358 537 530 652 Spiritus
550 536 649 626 Vini
667 534 987 624 rectificatissimi

239 709 388 774 tantum
408 709 454 772 ut
470 685 645 802 duplum
668 698 716 772 sit
740 708 818 771 tam
841 695 993 772 faenum
1019 723 1136 800 quam
1159 695 1299 804 herbae
1319 721 1470 801 expres-

90 909 94 914 Ι
239 843 311 896 see.
340 818 571 920 Digerantur
581 844 650 923 per
668 806 813 917 viginti
832 825 1007 922 quatuor
1023 813 1136 893 hores
1156 817 1199 892 in
1217 843 1304 893 vase
1325 815 1467 908 clauso,

240 950 382 1043 etpost
399 938 646 1042 digestionem
667 938 941 1042 exprimantur.
968 935 1180 1040 Liquorem
1197 963 1416 1043 expressum
1433 951 1472 1016 et
1620 935 1622 940 ’

239 1055 407 1135 soletum
431 1057 671 1135 destillationi
697 1055 842 1160 subjice
867 1055 913 1131 ad
945 1041 1164 1131 dimidium
1194 1085 1341 1162 usque3
1376 1061 1468 1136 resi·

238 1177 360 1256 duum
385 1192 564 1285 evaporet
589 1177 636 1253 ad
660 1175 783 1256 mellis
806 1176 1085 1282 spissitudinem
1116 1191 1166 1267 et,
1201 1177 1327 1257 addito
1353 1205 1468 1258 succo

237 1296 378 1376 herbae
403 1297 668 1392 consenti-ato,
702 1326 803 1376 nova
828 1299 1093 1403 evaporatione
1117 1297 1165 1375 ad
1191 1301 1468 1378 consistentiam

237 1445 377 1496 messae
393 1418 602 1524 pilularum
621 1419 826 1522 redigatur.
859 1419 1024 1496 Benene
1044 1435 1152 1496 caute
1173 1445 1291 1498 serra.

286 1581 432 1660 Eodem
450 1583 567 1661 modo
587 1595 790 1689 parentur:

235 1743 613 1847 Extractum
650 1735 1103 1864 Belladonnae‚

647 1935 1043 2060 Chelidonii,

445 2191 446 2196 Ν
563 2206 568 2214 ·
647 2138 1216 2264 Conii'macuiati,‘
1265 2163 1464 2242 exhorta

795 2297 882 2360 ante
906 2281 1180 2362 florescentium
1206 2281 1375 2380 collecta,

644 2389 973 2618 Digitalis‚

643 2619 997 2766 oratioue,

643 2843 1022 2988 Hyoscyami
1056 2865 1095 2938 et

641 3045 951 3148 Lactucae
985 3041 1257 3166 virosae,

229 3287 329 3367 qnae
352 3261 451 3338 bene
477 3262 657 3363 (extracta
675 3262 941 3356 Belladonnae‚
965 3265 1076 3342 Conii
1090 3250 1266 3340 maculati
1285 3277 1324 3342 et
1335 3264 1459 3372 Hyos·

228 3385 351 3488 eyami
365 3385 479 3460 etiam
492 3385 616 3484 caute)
639 3397 850 3461 serventur.

328 3545 444 3626 Nota.
480 3549 611 3622 omna
628 3547 756 3622 haecce
771 3565 936 3624 extrema
954 3551 1105 3624 colorem
1118 3547 1272 3624 habeant
1286 3553 1459 3627 virescere

477 3685 561 3756 tem,
589 3693 765 3771 saporem,
793 3685 891 3744 extr.
922 3671 1032 3744 Consi·
1053 3699 1144 3746 mae.
1172 3687 1209 3745 et
1235 3671 1463 3770 Hyoscyami

473 3803 564 3864 vero
588 3815 731 3894 quoque
755 3789 913 3890 odorem,
941 3791 1147 3890 vegetabilis
1170 3819 1191 3864 e
1211 3815 1283 3895 quo
1302 3819 1457 3894 proepa-

357 3921 359 3924 ’
473 3927 552 3982 rata
577 3927 675 3985 sunt.
719 3911 901 3986 Solutrbne
926 3911 1065 3986 turbida
1084 3939 1121 3985 m
1140 3937 1238 4015 aqua
1257 3913 1453 3989 solvantur.

472 4031 816 4107 irenaceorum.
836 4058 943 4133 saepe
964 4031 1179 4132 crystallnlzi
1206 4036 1360 4109 mistum
1386 4051 1452 4110 est.
