3352 4736
763 287 964 455 (ise)

365 553 506 670 Aquae
525 550 744 638 destillatae
761 550 873 636 libris
893 550 1065 664 duabus,

252 697 290 758 et
313 681 424 758 filus.
709 774 715 787 ⁵

303 799 362 879 Sit
374 799 566 906 limpidus,
588 803 730 906 absque
743 801 884 879 colore.
925 805 967 879 P.
985 829 1085 906 spec.
1102 805 1474 891 =1,325-1‚335.

250 917 252 924 ’
353 920 464 998 Nota.
489 924 558 998 Ad
582 950 686 996 tasum
708 924 1035 1023 pharmaceuticum
1056 951 1077 995 e
1098 924 1173 995 talc·
1188 926 1369 998 carbonico
1390 925 1478 995 eci·

430 1071 432 1076 ·
496 1045 636 1116 neritus
655 1043 847 1116 clavellutt's
863 1071 994 1145 parare
1014 1044 1105 1118 licet.

367 1283 370 1290 ²
492 1235 718 1377 Liquor
763 1234 904 1338 Kali
942 1236 1262 1338 caustici.'

382 1394 579 1492 (Lirtvtitm
598 1399 805 1470 causticam.
846 1399 982 1500 Lc'quor
1000 1389 1179 1496 Hydratis
1199 1397 1335 1494 kalt'ci.)

252 1547 311 1630 Ii.
370 1545 464 1630 Kali
494 1547 699 1631 carbonici
724 1585 746 1634 a
769 1549 968 1634 cineribus
994 1549 1209 1636 clavellatis
1234 1549 1355 1634 libras
1381 1543 1478 1631 dues

298 1666 302 1673 ’
813 1699 902 1747 cum
921 1660 1105 1746 dimidia.

302 1798 349 1871 In
369 1825 432 1873 vas
454 1797 622 1872 ferreum
645 1799 816 1874 immissis
835 1785 985 1872 affunde

366 1917 508 2032 Aquae
528 1918 755 2000 communis
772 1923 938 2002 fervidae
964 1913 1153 2032 duplum.

302 2052 414 2128 Tunc
434 2057 643 2132 successive
664 2055 792 2156 ingere

364 2171 563 2258 Calcariac
581 2195 692 2258 ustae
710 2179 925 2288 pulveratae
950 2173 1069 2261 libras
1088 2197 1182 2260 tras.

267 2413 271 2422 „
303 2308 437 2411 Coque
450 2338 519 2413 per
537 2310 651 2387 horae
669 2309 929 2413 quadrantem,
954 2313 1127 2415 agitando
1145 2309 1318 2416 spathula
1341 2311 1476 2387 fenea.

253 2425 446 2523 Quamdiu
464 2427 623 2531 liquoris
642 2427 883 2532 portiuncula
901 2446 1059 2520 exemia,
1083 2459 1172 2508 cum
1187 2431 1294 2507 acido
1312 2457 1481 2534 quocun·

252 2571 328 2648 que
352 2549 481 2636 mixtu,
516 2547 694 2651 producit
716 2546 1046 2637 effervescentiam,
1076 2549 1231 2625 mlcama
1249 2563 1332 2626 usta
1350 2567 1405 2627 est
1423 2549 1480 2624 ad·

168 2761 172 2772 .
253 2663 385 2740 denda.
412 2667 514 2742 Tum
536 2665 617 2742 cola
637 2693 705 2770 per
726 2663 886 2740 linteum
907 2681 1014 2742 antea
1033 2669 1130 2743 bene
1148 2667 1304 2743 elotum.
1333 2669 1480 2772 Liquor
1528 2715 1533 2724 ·

252 2785 292 2859 in
306 2781 453 2888 lagenas
464 2790 599 2862 vitreas
613 2785 840 2862 obturandis
854 2787 1040 2862 immissus
1052 2801 1251 2891 postquam
1265 2787 1477 2878 subsiderit,

253 2902 499 2982 decunthetur
517 2918 556 3009 et
575 2919 765 3008 evaporet,
789 2904 909 2980 donec
929 2903 1073 3007 justum
1093 2906 1241 3009 pondus
1262 2906 1480 3010 specificu'm
1603 2929 1605 2934 '

252 3024 505 3124 acquisiverit.
538 3025 585 3096 In
597 3022 738 3124 lagenis
752 3027 878 3098 vitreis
891 3024 988 3098 bene
1003 3025 1186 3101 obturatis
1200 3037 1309 3101 caute
1324 3053 1438 3102 serva.

303 3141 391 3216 Esto
421 3139 622 3245 limpidus,
665 3141 807 3243 absque
838 3139 966 3218 colore
997 3157 1063 3218 aut
1094 3171 1231 3247 parum
1262 3142 1477 3234 flavescens,

252 3259 300 3334 ab
325 3257 435 3336 acido
456 3259 674 3348 carbonico,
702 3273 888 3362 quantum
909 3259 990 3336 fieri
1012 3275 1150 3366 potest,
1178 3261 1284 3338 liber.
1304 3265 1476 3368 'Rapee
1613 3359 1616 3364 Ι

251 3383 613 3466 =1,330-1,340.

302 3496 447 3572 Eodem
462 3495 576 3572 modo
593 3509 746 3600 paretur
763 3511 800 3572 et
817 3513 1004 3575 servetur:
1036 3545 1041 3556 ·

183 3663 188 3671 ·
253 3618 473 3760 Liquor
499 3621 668 3722 Natri
703 3623 953 3723 caustici
985 3645 1478 3749 (quvvovffydmrenam‘ci)

811 3765 883 3838 nisi
903 3763 1008 3864 quod
1026 3766 1122 3838 natri
1144 3765 1333 3840 carbonici
1356 3778 1480 3870 partes

813 3883 984 3984 quinque
1011 3880 1057 3954 ad
1076 3881 1254 3957 calcariae
1277 3895 1383 3960 ustae
1401 3911 1481 3989 par·

814 4011 866 4076 tes
879 4013 952 4076 tres
969 4000 1171 4078 sumendae
1184 4017 1286 4079 sunt.
