3352 4736
771 329 974 445 (aar)

273 497 279 506 ’
314 543 427 622 sorve
453 545 493 620 in

376 683 516 797 Aquae
535 677 754 766 destillatac
773 677 885 764 libris
905 675 1076 762 duabus.

313 829 434 906 Caute
457 827 666 905 secundum
687 825 786 928 leges
808 816 923 901 serva.

312 949 369 1026 sit
393 947 586 1052 limpidus,
614 945 752 1023 coloris
778 971 924 1050 expers.

293 1177 512 1321 Liquor
536 1169 907 1318 Hydrargyri
943 1171 1160 1272 nitrici
1195 1163 1452 1314 oxydati.

364 1347 584 1444 (Messania
602 1347 767 1416 m'rmsus.
796 1341 1097 1444 LiquorNitratis
1109 1337 1383 1440 hydrargyrai.)

262 1501 320 1583 R.
374 1495 622 1613 Hydrargyri
643 1493 809 1607 oxydati
827 1494 939 1579 rubri
956 1493 1118 1578 unciam
1132 1523 1270 1576 unam.

239 1619 242 1624 Ι
312 1643 426 1724 Solve
455 1648 495 1721 in
530 1607 537 1622 ι
587 1650 592 1660 “

373 1779 496 1866 Acidi
514 1783 647 1866 uitrici
669 1790 876 1892 quantitate
896 1789 1114 1877 sufficiente,

248 1912 301 1988 'et
324 1893 416 1988 aride

374 2030 515 2146 Aquae
534 2028 753 2114 destillatae
775 2047 922 2112 tantum
947 2097 953 2114 ,

260 2201 304 2263 ut
323 2181 473 2290 pardus
496 2189 611 2272 ¹totius
631 2188 679 2261 sit
696 2177 904 2260 unciarum
921 2196 1034 2259 octo.
1064 2183 1273 2288 Liquorem
1285 2181 1483 2260 decantha·

260 2317 344 2380 tum
363 2307 404 2379 iu
420 2331 507 2380 vase
527 2305 626 2379 bene
647 2305 825 2380 obturato
843 2303 929 2380 loco
951 2305 1115 2382 obscuro
1139 2316 1247 2380 caute
1275 2303 1483 2380 secundum

260 2421 359 2526 leges
384 2449 502 2498 serva.

311 2540 369 2616 Sit
380 2539 574 2644 limpidus,
596 2541 738 2644 absque
752 2539 893 2629 colore,
914 2555 951 2617 et
963 2541 1060 2618 acidi
1073 2543 1259 2617 muriatici
1273 2568 1316 2617 ac
1328 2539 1482 2646 hydrar-

260 2662 343 2765 gyri
357 2659 552 2764 oxydulati
567 2667 709 2763 expers.
732 2662 786 2738 .P.
802 2687 904 2763 spec.
919 2693 964 2728 =
982 2669 1016 2749 1,
1032 2661 1147 2734 175-
1159 2667 1193 2750 1,
1209 2665 1290 2734 185.
1320 2659 1483 2736 Acidum

258 2779 503 2854 muriaticum
527 2777 678 2882 liquore
702 2783 845 2881 argenti
870 2779 995 2854 uitrici
1021 2779 1154 2868 affuso,
1183 2775 1393 2885 oxydulum
1419 2778 1482 2853 ad·

257 2897 338 2974 dito
359 2911 469 2974 natro
485 2901 684 2976 muriatico
707 2901 960 3000 cognoscitur.

411 3022 538 3092 Dosr's:
563 3019 616 3090 ad
632 3023 781 3092 Guttam
801 3045 923 3094 unam.

259 3239 479 3380 Liquor
504 3233 876 3384 Hydrargyri
903 3241 1116 3342 nitrici
1149 3235 1483 3386 oxydulati.

308 3406 527 3504 (Mammas
540 3411 692 3482 narraras
705 3409 807 3521 aicbr.
836 3410 1135 3514 LiquorNt'tratrs
1153 3409 1431 3511 hydmrgymsr‘.)

258 3561 316 3644 R.
373 3557 620 3672 Hydrargyri
640 3557 821 3674 depurati
839 3564 975 3646 uncias
995 3583 1183 3677 quatuor.

309 3705 474 3784 Affunde
489 3710 529 3780 in
547 3733 633 3784 vase
649 3706 786 3784 idoneo
1278 3701 1281 3708 ’

368 3843 491 3928 Acidi
509 3845 643 3930 uitrici
660 3845 797 3930 uncias
816 3842 929 3956 duas,

370 3972 511 4086 Aquae
527 3971 746 4061 destillatae
768 3974 967 4062 drachmis
986 3975 1114 4062 tribus
