3392 4742
117 1367 120 1372 .
262 1395 421 1474 affunde

770 340 973 456 (132)

313 551 370 630 Sit
390 551 437 626 ab
460 553 565 628 omni
595 547 830 642 acidosliber,
852 565 890 626 et
912 553 953 626 in
978 577 1097 654 aquae
1120 549 1323 628 destillatae
1342 553 1489 632 minore

262 674 469 775 maantitate
487 699 603 774 quam
620 673 661 746 in
680 685 822 778 septem
839 669 1011 776 partibus
1024 699 1103 750 non
1117 669 1298 750 solvatur.
1328 673 1485 778 P.spec.

260 795 442 883 =0,885
464 791 510 868 ad
534 795 686 882 0,895.·

417 1057 420 1064 ·
490 1000 722 1106 Aether
758 939 1245 1148 phosphoratus'.

262 1197 322 1279 R.
375 1195 601 1314 Phosphori
639 1207 766 1283 siccati
801 1208 842 1280 in
872 1203 1037 1284 lamellas
1072 1207 1306 1282 tenuissimas
1340 1203 1525 1280 dissecti·

822 1355 940 1438 grana
957 1356 1049 1438 sex3

376 1536 559 1622 A'etheris
584 1532 806 1647 sulphurici
829 1556 998 1616 recenter
1017 1543 1137 1654 parati
1162 1533 1325 1614 unciam
1348 1559 1485 1614 unam.

313 1682 423 1760 Stant
441 1686 481 1758 in
494 1709 580 1759 vase
600 1662 727 1756 clauso
748 1705 817 1782 per
835 1689 1001 1778 quatuor
1021 1676 1110 1768 dies,
1142 1703 1329 1782 saepeque
1349 1680 1488 1780 agiten-

263 1816 341 1879 tur.
378 1803 480 1878 Tum
499 1799 629 1904 liquor
654 1827 676 1872 a
694 1793 917 1900 Phosphoro
944 1795 1097 1872 residuo
1121 1795 1364 1878 deoanthetur
1389 1799 1489 1872 etin

128 1992 130 1996 .
253 1925 358 2030 'vasis
373 1922 534 1996 duarum
551 1916 817 1994 drachmarum
833 1915 1046 2018 capacibus,
1068 1915 1167 1990 hene
1186 1914 1383 2008 obturatis,
1403 1915 1489 1994 loco

167 2143 170 2156 Ι
246 2024 441 2130 chromo,
474 2065 553 2117 non
577 2039 690 2114 nimis
716 2033 850 2138 frigori
876 2036 1048 2138 exposito
1073 2061 1144 2111 nec
1171 2037 1284 2147 nimis
1310 2035 1391 2128 diu,
1420 2061 1490 2114 ser

263 2173 388 2238 vetur.
1236 2247 1245 2262 .

265 2271 267 2274 ⁵
314 2277 373 2354 Sit
389 2276 581 2383 limpidus,
608 2273 873 2381 phosphorum
893 2271 1079 2351 redolens.

514 2529 744 2638 Aether
785 2527 1226 2674 sulphuricus.

263 2747 266 2758 ·
682 2698 876 2800 (Napaeae
893 2699 938 2777 V
933 2698 1068 2798 r‘mble'.)

263 2857 323 2940 R.
376 2849 498 2939 Aridi
515 2851 736 2965 sulphurici
757 2849 888 2962 crudi,

242 3035 245 3042 ·
377 2983 549 3098 Spiritus
568 2981 666 3066 Vini
683 2981 932 3066 alcoholisati
957 2987 1195 3092 singulorum
1221 2980 1340 3066 libras
1364 3003 1457 3068 tres.

313 3127 473 3235 Spiritui
506 3131 596 3210 Vini
629 3131 670 3204 in
700 3141 841 3204 retorta
873 3128 1080 3206 successive
1109 3140 1148 3202 et
1180 3141 1289 3204 caute
1327 3128 1489 3206 admisce

254 3248 415 3325 ,aeidum
439 3245 717 3352 sulphuricum.
771 3247 956 3352 Adoptato
987 3241 1165 3349 excipule
1191 3249 1276 3322 satis
1301 3251 1427 3352 capaci
1452 3265 1489 3325 et

250 3368 448 3473 -juncturis
460 3367 558 3442 bene
571 3364 719 3456 clausis,
742 3369 958 3442 instituatur
977 3361 1175 3450 destillatio
1192 3391 1239 3440 ex
1259 3393 1391 3442 arenae
1408 3365 1488 3442 hal·

172 3475 174 3482 ¹
262 3515 336 3565 neo
358 3513 448 3563 oum
468 3483 604 3589 liquidi
629 3484 849 3561 ebullitione
868 3497 906 3560 ct
933 3479 1118 3560 destillent
1146 3471 1248 3558 libra
1265 3505 1345 3564 una
1362 3495 1404 3558 et
1423 3473 1488 3560 dl-

263 3593 389 3686 midia
405 3605 452 3682 ad
478 3595 598 3678 libras
617 3591 732 3678 duas.
770 3602 952 3692 Residuo,
980 3601 1140 3706 demptis
1164 3595 1294 3678 unciis
1314 3613 1498 3709 quatuor

263 3725 310 3802 ad
335 3745 417 3829 sex,
447 3723 695 3834 affundantur

378 3862 549 3978 Spiritus
570 3861 667 3953 Vini
690 3857 938 3946 aleoholisati
964 3857 1066 3944 libra
1084 3887 1165 3944 una
1187 3853 1282 3946 curn
1302 3857 1485 3975 diuidis,

104 4019 108 4026 '
264 4011 404 4116 quibus
422 4023 530 4088 antea
