3352 4736
730 351 933 468 (179)

215 594 336 672 aquae
361 565 571 671 superficie
588 567 747 645 durante
772 567 988 670 operatione
1011 591 1158 668 semper
1178 563 1302 642 distet.
1344 567 1444 644 Dein

214 691 255 764 in
280 705 414 766 menae
438 686 588 780 balneo,
616 692 703 790 igne
729 685 867 762 sensim
891 684 957 762 sed
982 713 1063 764 non
1089 687 1200 763 nimis
1225 700 1351 779 aucto,
1380 685 1442 763 de·

215 806 356 886 stillent
383 796 523 880 unciae
543 825 708 905 novem,
743 833 840 910 quae
867 805 913 882 ab
939 833 1036 910 aqua
1058 820 1246 912 separatae
1270 819 1307 880 et
1329 809 1442 883 sicca-

214 943 273 1004 tae
291 955 360 1033 per
376 924 570 1002 cucullum
585 924 822 1003 chartaceum
841 925 1120 1032 perfundantur
1134 927 1221 1001 etin
1235 929 1333 1002 vitro
1346 927 1444 1004 bene

214 1047 391 1125 obturato
416 1059 624 1122 serventur.

214 1237 649 1388 Hydrargyrum
678 1242 1052 1371 muriaticam
1078 1240 1435 1344 corrosivum.

213 1413 433 1512 (Merena-ties
453 1411 660 1486 sublimatus
681 1415 889 1485 corrosione.
917 1403 1161 1488 Bicldoretum
1181 1411 1441 1512 Hydrargyri.)

213 1568 272 1650 R.
295 1564 575 1680 ·Hydrargyri
598 1561 780 1678 depurati
798 1563 934 1648 uncias
954 1561 1189 1647 duodecim.

263 1717 432 1790 Immitte
458 1716 499 1788 in
524 1727 703 1789 retortam
728 1717 887 1790 vitream
912 1727 951 1788 et
975 1711 1132 1789 affunde
1398 1736 1402 1745 ·
1472 1745 1485 1827 p

327 1847 448 1936 Acidi
466 1851 688 1966 sulphurici
705 1849 821 1935 crudi
839 1854 975 1958 uncias
989 1845 1149 1962 viginti.

263 2000 366 2074 Tum
378 2013 558 2076 retortam
572 2003 611 2074 in
623 1996 759 2074 balneo
779 2025 912 2074 arenae
935 2002 1012 2100 igni
1036 2025 1196 2101 expone,
1223 1991 1442 2104 donecpoat

213 2117 500 2196 destillationem
525 2143 644 2222 aquae
668 2133 705 2193 et
730 2117 986 2194 evolutionem
1009 2117 1102 2192 acidi
1125 2115 1343 2221 sulphurosi
1357 2145 1442 2195 con·

211 2253 312 2316 tenta
326 2243 476 2346 penitus
489 2242 530 2313 in
543 2265 699 2314 massam
713 2237 836 2313 albam
849 2241 987 2314 siccam
1001 2235 1148 2311 redacta
1162 2236 1315 2312 fuerint.
1334 2237 1441 2314 Hanc

191 2363 339 2436 ‘tritam
360 2373 468 2436 caute
486 2361 601 2434 misce
624 2385 723 2460 cum,

326 2497 439 2583 Natri
457 2498 656 2580 muriatici
682 2507 770 2583 sicci
785 2508 865 2610 pari
884 2505 1063 2608 pondere.

264 2647 363 2720 Dein
391 2674 413 2722 e
439 2645 638 2722 cucurbita
660 2659 726 2720 aut
750 2645 878 2748 potius
903 2654 1043 2717 retorta
1068 2645 1201 2732 vitrea,
1230 2643 1275 2716 ad
1296 2647 1441 2719 tertiam

212 2777 360 2839 tantum
381 2778 526 2869 partem
547 2763 688 2869 repleta
711 2777 748 2838 et
774 2765 814 2836 iu
839 2787 951 2836 arena
978 2757 1174 2852 collocata,
1203 2763 1266 2836 cui
1293 2765 1441 2866 excipu-

213 2881 296 2958 lum
310 2883 451 2986 absque
463 2881 546 2958 luto
563 2882 738 2985 junctum
756 2895 824 2968 est,
846 2881 932 2980 igne
950 2879 997 2952 ab
1015 2881 1125 2954 initio
1144 2879 1351 2970 moderato,
1376 2882 1442 2957 sed
1541 2959 1552 2968 „

213 3017 301 3107 post
314 3001 573 3107 expulsionem
593 3001 778 3106 vaporum
796 3025 914 3102 aquam
935 3011 973 3072 et
992 2997 1088 3073 acidi
1110 2999 1295 3075 muriatici
1315 3004 1440 3106 primo

213 3121 485 3227 prodeuntium
498 3121 717 3226 pergrndus
733 3133 858 3207 aucto,
883 3115 1056 3193 sublima.
1085 3116 1247 3198 Massam
1261 3119 1464 3198 sublima.
1532 3109 1536 3116 ’

212 3255 289 3318 tam
313 3240 565 3348 crystallinam
584 3253 693 3330 caute
711 3235 1035 3340 secundumleges
1055 3263 1172 3314 serva.

365 3371 490 3443 Dosis:
507 3371 559 3442 ad
576 3371 694 3443 Gratti
709 3365 889 3440 dandam
898 3381 1050 3465 portem.

278 3557 737 3706 Hydrargyrum
775 3559 1167 3662 muriatioum
1204 3559 1364 3660 mite.

246 3732 466 3828 (Mercurios
478 3731 606 3804 dtdcis.
638 3727 852 3802 Calomelas.
905 3725 1115 3800 Chloretum
1141 3725 1404 3828 Hydrae-gyri.)

211 3887 271 3994 R,
325 3881 571 3996 Hydrargyri
590 3883 786 3968 muriatici
806 3880 997 3968 corrosivi
1015 3878 1165 3963 venalis
1183 3901 1312 3994 partes
1337 3912 1437 3998 qam-

772 4033 879 4096 tuor.

1126 4239 1129 4242 Ι
1167 4141 1229 4214 Za
