3392 4742
768 335 974 452 (124)

516 553 776 700 Acetum
816 550 1217 694 scilliti'cum.

257 755 315 838 Ii.
370 749 569 836 Radicum
589 733 734 840 Scillac
759 729 981 839 siccatarum
1005 750 1142 836 uncias
1161 745 1274 834 duas.

306 901 489 980 Minutim
513 903 644 978 scissae
667 916 907 977 macerentur
929 927 998 1006 per
1023 897 1193 978 triduum
1219 899 1258 972 in

374 1041 493 1125 Aceti
522 1037 711 1126 destillari
735 1077 778 1125 ea
804 1050 1011 1152 quontitate

256 1210 302 1274 ut
324 1199 372 1273 sit
393 1197 560 1273 colatura
584 1211 670 1302 post
695 1197 972 1300 expressionem
995 1191 1120 1272 lenem
1141 1185 1350 1271 unciarum
1364 1207 1483 1271 octo-

258 1303 409 1390 decim.
449 1317 569 1394 Caute
594 1344 713 1394 serva.

308 1435 367 1514 Sit
385 1435 600 1543 limpidum,
627 1463 649 1514 e
670 1435 789 1513 rubro
811 1434 966 1512 flavum.

548 1703 814 1812 Aoidum
858 1709 1187 1812 aceticum.

708 1867 880 1968 (Alcotot
897 1871 1032 1972 Aeeo'.)

258 2025 316 2108 R.
369 2021 535 2108 Plumbi
571 2024 713 2110 acetici
755 2019 871 2109 crudi
900 2033 1088 2140 pulverati
1120 2025 1257 2110 uncias
1285 2025 1483 2136 sexaginta

819 2177 1008 2272 quatuor.

221 2365 230 2376 ,
307 2304 474 2379 Immitte
505 2307 546 2380 in
572 2319 753 2382 retortam
777 2307 934 2382 vitream
959 2302 1097 2383 tubulo
1119 2306 1343 2384 instructam
1363 2319 1401 2382 et
1419 2333 1483 2412 ap-

256 2421 396 2528 plicato
418 2450 505 2501 vase
527 2428 731 2532 recipiente
753 2438 868 2528 atque
889 2424 1073 2528 juncturis
1096 2428 1238 2532 optime
1262 2423 1397 2506 clausis
1415 2451 1484 2532 per

258 2541 442 2621 tubulum
467 2543 626 2623 &funde
652 2547 790 2623 sensim

224 2696 229 2704 “
372 2682 495 2769 Acidi
518 2685 742 2800 sulphurici
764 2685 900 2772 uncias
928 2683 1176 2798 octodecim,
1264 2705 1274 2718 ·

373 2815 514 2932 Aquae
538 2817 767 2902 communis
788 2817 918 2900 unciis
942 2847 1092 2904 novem

257 2959 407 3040 dilutae.
434 2963 546 3040 Tunc
567 2963 705 3042 tubulo
727 2961 854 3044 clauso
875 2991 922 3042 ex
941 2993 1054 3042 arena
1073 2964 1197 3044 calore
1217 2965 1355 3042 sensim
1372 2978 1484 3042 aucto

257 3081 322 3157 fiat
342 3080 538 3160 destillatio
561 3083 608 3158 ad
628 3086 784 3162 siccum.
826 3085 1036 3188 Liquorem
1062 3086 1275 3178 obtentum,
1299 3091 1332 3162 si
1354 3111 1484 3190 empy-

257 3216 426 3278 reumate
452 3216 519 3278 aut
543 3202 650 3281 acido
677 3203 907 3310 sulphuroso
934 3208 1154 3310 inquinatus
1180 3207 1240 3296 sit,
1269 3231 1384 3312 super

370 3337 561 3458 Mangoni
600 3339 766 3454 oxydati
803 3345 930 3429 nativi
970 3351 1210 3432 subtilissime
1235 3357 1315 3430 triti
1356 3345 1485 3429 unciis

817 3469 989 3587 duabus,

257 3623 288 3696 si
313 3623 419 3701 acido
439 3621 678 3730 sulphurico,
706 3649 818 3731 super

372 3761 467 3847 Kali
495 3763 637 3850 acetici
664 3765 783 3846 uncia
811 3793 905 3874 una,

256 3911 287 3986 si
314 3933 403 3987 vero
429 3909 634 4016 plumbum
658 3913 845 4001 continet,
884 3937 952 4028 per
977 3937 1016 3988 ac
1041 3911 1225 4004 rectificat,
1259 3903 1300 3988 et
1324 3915 1365 3988 in
1389 3916 1486 3989 varis
1591 4015 1598 4026 ι

255 4030 353 4108 bene
379 4030 564 4109 obturatis
589 4059 708 4110 cerva.
