3352 4736
752 371 956 490 (174)

357 583 477 670 Acidi
497 585 696 672 mmiatici
713 621 795 669 eam
816 595 1061 698 quantitatem

242 747 288 810 ut
299 747 386 840 post
398 731 640 822 solutionem,
656 733 728 810 eub
742 731 856 810 finem
868 730 945 808 leni
959 729 1084 810 calore
1100 731 1359 838 adjurandam,
1379 759 1465 840 pare

242 852 335 930 ferri
346 881 425 930 non
442 852 565 930 soluta
583 865 785 929 remaneat.
815 849 966 930 Solatia
985 849 1123 930 filtrata
1143 867 1319 961 evaporet
1336 853 1383 929 ad
1400 855 1466 930 aic-

83 983 86 992 '
243 999 344 1049 cum.
378 973 538 1050 Massam
555 972 743 1050 residuam
761 969 917 1052 salinam
935 973 1182 1052 virescentem
1201 977 1324 1052 atatim
1341 976 1382 1050 in
1401 1000 1465 1052 aaa

242 1091 428 1194 ingere'et
446 1094 487 1166 in
507 1119 552 1169 eo
572 1091 670 1168 bene
687 1089 815 1168 clauso
837 1119 956 1168 serva.

383 1315 642 1418 Ferrum
678 1305 1021 1456 oxydatum
1060 1314 1323 1418 fuscum.

240 1481 409 1581 (Ferrum
435 1484 669 1557 carbonacum.
718 1483 856 1556 Crocus
878 1482 1217 1584 Mara'saperitiaas.
1271 1480 1464 1584 andum-

659 1600 1031 1702 ferrara-firmem.)

240 1776 297 1858 R.
352 1773 460 1860 Ferri
483 1773 702 1888 sulphun'ci
721 1779 953 1888 crysullisati
976 1795 1163 1888 quantum
1183 1785 1251 1860 rie.

290 1919 403 1998 Solve
427 1923 468 1995 in
534 2017 540 2028 ἡ

351 2059 492 2174 Aquae
515 2058 744 2142 communis
762 2063 903 2142 calidae
925 2068 1132 2169 quantitate
1150 2065 1375 2145 sufficiente.

289 2205 528 2284 solutionem
554 2204 810 2308 refrigeratum
835 2201 932 2277 filtra
958 2219 995 2278 et

241 2459 250 2476 .
351 2343 478 2430 Narro
507 2344 722 2428 carbonico
747 2337 874 2426 crudo

238 2483 278 2532 m
348 2559 490 2674 Aquae
514 2556 742 2643 communis
757 2564 965 2666 quantitate
981 2561 1193 2640 sufficiente

237 2705 363 2784 soluto
382 2710 510 2794 misce,
530 2705 713 2810 quamdiu
731 2702 1020 2810 praecipitatum
1038 2701 1125 2776 inde
1148 2703 1317 2794 efficitur,
1339 2705 1456 2809 quod,

237 2825 336 2906 filtro
355 2839 567 2934 separatum
581 2838 619 2901 et
636 2813 754 2930 Aqua
769 2810 978 2896 communi
994 2819 1137 2896 fervida
1156 2819 1287 2899 sedulo
1307 2821 1459 2902 edulca-

237 2961 375 3037 ratum‚
403 2949 514 3034 sicca,
538 2959 576 3021 et
595 2948 634 3020 in
654 2969 740 3021 vase
759 2941 858 3018 bene
879 2939 1006 3017 clauso
1024 2967 1143 3017 serva.

287 3065 345 3142 Sit
357 3063 482 3168 pulvis
494 3063 772 3151 subtilissimus,
788 3059 1047 3150 rufo-susem,
1063 3073 1169 3137 natta
1183 3059 1402 3165 sulphurico
1414 3089 1458 3139 aa

236 3185 439 3262 carbonico
451 3181 562 3274 iiber,
592 3181 792 3287 coquendo
806 3207 895 3258 cum
907 3205 1004 3284 aqua
1019 3179 1269 3272 extrahendis,
1296 3208 1367 3259 nec
1386 3183 1456 3258 nisi

236 3318 406 3382 recenter
427 3316 578 3408 paratus
597 3301 704 3379 acido
722 3301 841 3378 adasa
861 3299 1089 3376 effervescat.

357 3555 620 3655 Ferrum
657 3543 1003 3694 oxydatum
1039 3543 1324 3653 rubrum.

334 3723 493 3822 (Crucus
521 3719 652 3793 Marde
675 3719 910 3818 ademirgens.
958 3717 1134 3820 Oxydam
1154 3721 1360 3820 ferricum.)

236 3851 307 3980 R..
350 3894 459 3978 Ferri
481 3893 703 4010 sulphurici
726 3889 976 4003 crystallisati
998 3913 1127 4006 partes
1141 3889 1374 4002 duodecim,

352 4023 445 4108 Kali
468 4026 602 4108 uitrici
625 4020 807 4140 depurati
827 4044 982 4138 partem
996 4053 1133 4107 unam.
