3352 4736
775 288 795 402 (
838 283 919 375 192
959 287 978 401 )

265 495 412 586 oxalici,
443 494 593 572 metalla
618 522 716 602 aqtua
738 493 1084 603 hydrosnlpburuta
1103 493 1360 604 explorantur.
1401 497 1488 576 Aci·

263 615 357 692 dum
379 617 626 695 carbonicum
656 617 821 696 admixta
848 645 947 722 aqam
975 613 1151 695 cumane
1179 617 1385 694 sedimento
1412 643 1490 696 sese

263 735 403 840 prodit.
431 739 476 814 Ρ.
493 763 594 843 spec.
612 771 657 809 =
672 739 880 828 0,965-0,
892 736 980 815 975.

265 1063 473 1208 Liquor
499 1063 778 1210 Ammonii
811 1041 1094 1166 sarbonici
1127 1047 1482 1207 pyro-olcosi.

264 1230 429 1332 (Spiritus
436 1233 563 1307 Cornu
570 1231 682 1306 Cervi
695 1230 919 1330 rectficotus.
941 1232 1292 1335 szuorCarbonatis
1306 1237 1493 1306 ammonui

621 1376 702 1423 cum
719 1351 796 1423 oleo
811 1351 1137 1450 empyreumatico.)

314 1521 721 1626 Liquorammonialis,
736 1525 777 1598 in
787 1525 980 1626 paratione
989 1523 1166 1599 ammonii
1180 1522 1370 1599 carbonici
1381 1549 1491 1628 pyro

266 1641 384 1720 oleosi
400 1669 478 1717 una
503 1669 594 1719 cum
614 1645 803 1719 ammonio
826 1642 1027 1718 carbonico
1053 1669 1096 1718 ac
1119 1639 1205 1719 oleo
1230 1668 1490 1746 empyreum·

265 1765 343 1838 tico
356 1761 547 1850 obtentus,
568 1761 615 1837 ab
629 1761 687 1838 his
701 1773 903 1865 separatus,
923 1758 1161 1838 destillationi
1173 1759 1408 1866 subjiciatur,
1428 1760 1492 1838 do-

265 1907 336 1957 nec
359 1867 527 1954 dimidia
548 1898 636 1984 pots
658 1865 780 1956 elicita
802 1879 930 1955 fuerit.

317 1999 375 2076 Sit
398 1999 591 2103 limpidus,
624 1999 845 2089 flavescens,
875 2025 920 2074 ex
944 2010 1027 2076 toto
1053 1995 1226 2075 volatilis.
1261 1999 1304 2075 P.
1326 2025 1425 2102 spec.
1447 2033 1491 2068 =

270 2127 306 2210 1,
318 2125 390 2194 050
405 2117 452 2194 ad
470 2127 504 2210 1,
516 2121 604 2196 060.

400 2419 635 2562 Liquor
672 2417 982 2518 Ammonii
1020 2417 1353 2518 succinici.

266 2587 417 2689 (Leipuor
429 2590 556 2661 Comu
568 2589 679 2661 Cervi
690 2589 900 2659 succtbatur.
926 2571 1061 2687 Liqim
1075 2583 1269 2656 Succthau's
1282 2585 1490 2684 ammonici)

266 2761 324 2843 R.
383 2758 504 2855 Acidi
520 2760 713 2844 succinici
732 2755 915 2873 depurati
932 2757 1093 2842 unciam
1112 2785 1249 2841 unam.

317 2905 431 2984 Solve
458 2911 500 2983 in

380 3045 521 3158 Aquae
542 3043 760 3128 destillatae
782 3043 950 3160 octuplo

266 3205 303 3268 et
331 3191 424 3268 addc

380 3329 591 3415 Ammonii
611 3329 815 3416 sarbonici
833 3328 1094 3444 pyro-olcosi
1120 3339 1222 3426 sicci,
1244 3351 1430 3444 quantum
1445 3335 1491 3410 ad

729 3505 737 3514 ·
826 3457 1169 3536 neutralisationam
1186 3459 1406 3560 requiritur.

315 3601 523 3702 Liquorem
545 3595 728 3673 filtrutum
749 3601 791 3672 in
811 3600 906 3674 vasis
925 3598 1023 3674 bene
1042 3595 1223 3674 obturatis
1243 3620 1374 3672 serva..

315 3719 372 3794 Sit
401 3717 596 3822 limpidus,
632 3715 848 3806 flavescens,
887 3730 1054 3820 tempore
1081 3713 1297 3802 subfossus,
1336 3714 1491 3790 omnino

265 3849 414 3924 neuter,
435 3849 472 3913 et
485 3864 532 3912 ex
545 3849 642 3926 toto,
661 3834 865 3940 vaporibus
882 3837 1015 3912 tussim
1032 3833 1294 3922 excitantibus,
1315 3829 1488 3910 volatilis.

266 3957 815 4059 P.spec.=1,ots-1,055.
