3346 4722
676 228 939 385 ’(283)

422 476 729 582 Chinium
766 474 1244 624 sulphuricu'm.

373 641 606 743 (Cisinimism
630 639 895 752 sulphuream,
922 639 1083 742 Sulplsas
1104 640 1300 744 qusiu’cus.)

221 799 279 883 R.
336 793 508 885 Corticis
533 785 692 884 Chinaev
715 798 811 909 regii
846 803 1098 909 grossiuscule
1114 801 1302 910 pulversti
1331 793 1452 880 libras

786 925 900 1012 duae.

128 1087 133 1097 ·
272 1065 320 1140 Iu
345 1091 409 1141 vas
436 1060 551 1140 fietile
575 1064 749 1143 immissis
774 1060 928 1138 affunde

335 1189 477 1304 Aquae
495 1187 724 1272 communis
749 1193 916 1272 fervidae
948 1183 1068 1270 libras
1083 1171 1319 1298 duodecim,

334 1316 456 1404 Aridi
469 1319 680 1415 ⁴muriatici
702 1317 866 1402 unciam
885 1345 1010 1400 unam
1030 1335 1072 1401 et
1091 1311 1318 1400 dimidiam.

270 1470 411 1573 Digere
442 1495 513 1574 per
542 1461 659 1544 horas
678 1487 746 1542 sex
765 1454 949 1567 adorto,
983 1480 1068 1568 tum
1094 1465 1177 1544 cola
1202 1480 1241 1544 et
1265 1469 1450 1573 exprime.

219 1587 431 1668 Residuum
449 1587 561 1666 simili
582 1588 698 1666 modo
716 1576 779 1663 bis
794 1597 905 1662 terve
926 1589 1084 1690 iusque
1103 1613 1193 1666 cum
1210 1587 1318 1674 acido
1336 1592 1453 1681 mista

219 1708 429 1812 digeratur,
464 1722 615 1814 peracta
646 1709 876 1784 extractione
907 1733 1058 1812 semper
1082 1705 1342 1814 exprimendo.
1386 1709 1452 1786 Li-

219 1829 407 1932 quoribus
429 1827 593 1906 obtentis
616 1827 792 1903 admisce

335 1966 523 2086 liquoris
548 1963 643 2050 Kali
666 1963 830 2048 caustiai
855 1998 939 2047 eam
955 1974 1217 2074 quantitatem,

217 2130 263 2194 ut
284 2114 435 2196 acidum
458 2141 664 2222 parumper
684 2109 907 2218 praevalent.
948 2109 1051 2186 Tum
1077 2109 1245 2214 liquores
1268 2110 1344 2189 leni
1366 2117 1451 2218 igne

218 2235 265 2319 sd
285 2225 405 2312 libras
424 2245 599 2348 qrutuor
623 2231 852 2338 redigantur.
898 2235 989 2311 Post
1007 2228 1333 2334 refrigerationem
1352 2233 1452 2312 filtra

171 2465 174 2472 ι
219 2353 419 2460 reliquari
439 2354 598 2460 limpido
617 2351 711 2430 adde

336 2499 533 2586 Calcariae
552 2521 679 2612 ustae,
715 2535 804 2599 cum
830 2491 1034 2584 sufficiente
1059 2473 1268 2610 quantitate
1307 2497 1451 2616 Aquae

651 2735 652 2738 Ἴ
682 2618 912 2704 communis
940 2629 1092 2716 mixtae,
1126 2629 1235 2701 utin
1261 2625 1452 2732 liquorem

678 2747 766 2824 lacti
780 2746 940 2824 similem
952 2745 1113 2834 fatiscat,
1136 2737 1297 2820 unciam
1309 2769 1447 2824 unam.

127 2964 140 2974 .
270 2857 514 3002 seponantur
525 2919 594 2999 per
620 2879 745 2994 diem,
780 2887 985 2968 miscellam
999 2887 1157 2964 subinde
1169 2891 1357 2992 agitando,
1386 2896 1476 2972 de.r
1533 2971 1535 2976 .

218 3014 306 3090 inde
319 3013 525 3106 filtrentur,
546 3027 597 3103 et,
620 3012 727 3117 quod
739 3027 919 3097 remanet,
944 3000 1064 3116 Aqua
1078 3004 1289 3086 communi
1313 3013 1450 3119 frigida
1511 3053 1513 3058 ·

218 3131 498 3226 edulcoratum,
508 3137 695 3230 siccetur.
730 3133 882 3207 Tritum
899 3119 962 3205 bis
981 3142 1092 3205 terve
1117 3158 1207 3206 cum
1275 3217 1287 3242 ἣ
1324 3162 1330 3176 ¹

334 3271 508 3386 Spiritus
523 3271 622 3360 Vini
642 3268 891 3354 alcoholisati
913 3267 1094 3384 partibus
1112 3290 1209 3354 octo

218 3419 425 3522 digeratur.
453 3418 654 3494 Tincturas
668 3421 887 3493 commixtas
899 3415 1138 3496 destillationi
1151 3417 1308 3520 subjice,
1329 3413 1450 3498 donec

219 3563 299 3614 aaa
318 3541 393 3615 nisi.
415 3539 565 3615 circiter
589 3525 731 3610 unciae
750 3545 924 3642 quatuor
949 3541 1150 3642 supersint.
1192 3537 1262 3614 His
1281 3536 1373 3614 adde

333 3673 456 3766 Aridi
472 3674 695 3791 sulphurici
721 3671 842 3760 diluti
867 3673 1074 3761 drachmas
1090 3658 1288 3791 quinque,
1313 3659 1316 3666 ’

219 3837 286 3901 aut
312 3838 499 3928 quantum
524 3823 580 3898 ad.
596 3821 943 3905 neutralisationem
963 3823 1091 3929 Chinii
1116 3825 1337 3928 requiritur,
1369 3851 1448 3929 quo
1558 3831 1560 3836 ’
1619 3807 1630 3817 “

218 3943 322 4022 sacto
335 3943 476 4048 liquor,
495 3946 528 4022 si
541 3969 692 4022 necesse
706 3958 774 4033 est,
796 3939 1176 4050 evaporatione-lenia
1194 3958 1232 4020 et
1249 3947 1450 4048 agitatione
1506 3967 1527 3988 ‘⁸

1189 4062 1226 4138 N
1236 4089 1262 4138 n
1278 4087 1295 4139 2
