3428 4742
780 359 908 472 ‹vu
955 359 980 471 a

265 620 539 712 incommodo
559 622 696 737 parari
715 631 900 736 possunt.
927 621 1037 708 inter
1053 615 1213 705 venalia
1232 615 1372 704 locum
1387 621 1489 704 assi-

265 777 501 931 gnavimus,
530 836 576 893 ea
603 820 745 892 tamen
773 803 880 924 lege,
915 803 962 889 u't
989 799 1040 890 de
1067 833 1216 891 eorum
1246 803 1490 890 conditione
1626 829 1629 834 ’

265 961 864 1110 Pharrnaeopolispericulum
880 962 1064 1088 manenti
1099 1003 1140 1076 et
1160 991 1490 1128 accuratissime

266 1209 415 1269 eorum
437 1177 732 1296 explorationis
746 1207 851 1262 eura
873 1189 915 1262 et
930 1191 1041 1262 'onus
1061 1171 1144 1262 illis
1164 1179 1417 1293 imponatur.

385 1363 735 1483 Praeparatorum
770 1357 972 1448 nonnulla
1003 1362 1201 1478 jussimus
1236 1365 1301 1448 via
1330 1392 1490 1450 accura-

266 1556 373 1642 tiore
400 1563 443 1637 et
467 1554 662 1638 scientiae
686 1547 845 1670 legibus
869 1552 1006 1668 magis
1032 1561 1309 1637 consentanea
1340 1553 1488 1666 parari.
1611 1639 1615 1661 ,

268 1733 424 1823 Omnia
456 1749 697 1856 praeparata
729 1733 958 1822 secundum
992 1749 1200 1833 nostram.
1238 1765 1316 1822 nec
1347 1765 1490 1824 secun·

268 1921 370 2008 dum
404 1921 528 2009 aliam
563 1875 952 2040 praescriptionenl.
991 1905 1189 2038 parentur
1214 1928 1393 2010 necesse
1415 1936 1489 2010 est.

266 2105 375 2226 llinc
395 2138 464 2194 eas
485 2122 648 2193 tanturn
674 2121 796 2192 notas
826 2105 1081 2207 addidimus,
1116 2123 1218 2224 qua's
1246 2105 1488 2195 hoc.modo

267 2293 672 2410 parata‘ostendunt‚
698 2296 1031 2392 neenonzvitia,
1059 2323 1165 2412 quae
1191 2307 1290 2380 tunc
1315 2291 1489 2382 fortuito

268 2507 483 2566 occurrere
511 2494 705 2596 possunt,
741 2509 809 2568 eas
836 2509 936 2567 vero
964 2477 1239 2599 negleximus,
1277 2510 1383 2597 quae
1410 2478 1490 2566 alia

265 2667 428 2751 ratione
466 2659 650 2752 adhibita
688 2648 873 2753 accidere
912 2663 1067 2764 solent,
1103 2680 1177 2750 aut
1206 2663 1358 2754 ¹fraude
1396 2696 1491 2784 pro-

266 2845 492 2957 ducuntur3
523 2847 592 2935 his
628 2855 741 2936 euim
775 2849 1060 2938 nullomodo
1096 2849 1212 2938 locus
1241 2851 1490 2944 conceditur.

208 3085 219 3106 ·
264 3029 514 3152 Praeparata
534 3049 573 3122 et
594 2985 825 3153 composita
844 3040 889 3122 in
909 3037 1090 3125 secunda
1102 3042 1283 3125 sectione
1302 3036 1491 3139 indicata,
1579 3151 1582 3158 Δ

264 3215 754 3341 aPharmaoopolaipso
779 3227 823 3309 in
850 3253 928 3310 suo
950 3221 1205 3312 laboratorio
1226 3237 1381 3342 parata,
1414 3255 1490 3313 nee

265 3403 431 3494 aliunde
459 3411 623 3495 coenata
650 3421 694 3495 et
721 3415 848 3526 petita
876 3424 968 3500 esse
997 3426 1175 3530 oportet.

384 3587 525 3679 Priori
552 3577 660 3712 parti
688 3593 861 3682 alteram
892 3603 937 3684 in
972 3593 1052 3684 hac
1086 3597 1268 3687 editione
1304 3603 1490 3718 primum

109 3829 113 3835 -
263 3773 508 3896 adjecimus,
553 3779 857 3869 medicamenta
901 3789 1205 3885 continentem,
1255 3815 1361 3904 quae
1402 3817 1491 3874 non

262 3991 429 4080 semper
456 3975 622 4081 praesto
652 3997 742 4056 esee
770 3967 932 4058 debent.
957 4013 962 4056 :
991 3967 1043 4057 In
1063 3968 1159 4073 ,hac
1191 3969 1344 4060 modus
1374 4005 1491 4094 prae·
