3392 4742
611 329 616 338 ¹
758 345 934 464 (100)
1005 387 1039 480 j

387 559 525 636 Resinu
547 526 591 634 in*
609 559 731 663 granis
754 555 990 662 subglobosis
1010 569 1048 633 et
1061 553 1248 660 oblongis,
1276 583 1324 632 ex
1337 553 1462 636 albido

215 661 220 674 ¹
338 681 496 767 citrinis,
534 677 733 783 superficie
759 681 899 784 opacis,
928 679 1030 752 intus
1061 674 1344 782 subpellucidis,
1372 676 1462 752 frie-

338 797 493 888 bilibus,
516 800 714 884 masticatis
732 823 812 873 non
831 795 1138 886 lentescentibus,
1159 793 1284 872 odoris
1300 795 1392 872 dum
1403 823 1464 874 ac·

340 916 555 994 cenduntur
573 919 710 1006 suavis,
739 919 779 992 in
803 917 938 1023 spiritu
956 917 1033 1020 vini
1059 913 1363 992 rectificatissimo
1384 914 1465 992 fere

239 1069 241 1074 ·
339 1049 495 1128 extoto,
523 1039 564 1112 in
583 1034 668 1114 oleo
681 1034 955 1112 terebinthinae
973 1062 1019 1111 ex
1031 1048 1138 1139 parte
1151 1032 1390 1112 solubilibus.

240 1272 464 1388 Sanguis
496 1257 768 1359 Draconis.
827 1274 1133 1360 Draclrcublut.

498 1435 736 1558 Collrgz'tur‘e
763 1463 867 1534 vareis
897 1463 1077 1536 erbertus
1106 1459 1237 1535 Indrize
1269 1421 1461 1561 ort'entaltls,

488 1583 694 1698 pmesertrirr
719 1607 741 1652 e
768 1567 942 1652 calamo
956 1571 1153 1653 Dracone
1173 1571 1242 1649 W
1236 1568 1330 1654 illd.

334 1803 337 1814 ·
392 1751 529 1827 Resina
551 1763 838 1853 atropurpnrea,
868 1777 997 1854 opaca,
1026 1749 1156 1841 nitida,
1184 1753 1318 1826 tritura
1344 1755 1465 1858 impo-

341 1868 407 1946 lita
437 1870 647 1946 ruberrima
659 1925 669 1974 ξ
707 1870 859 1972 saporis¹
876 1869 1157 1974 adstringentis,
1192 1869 1377 1947 rubedine
1408 1875 1466 1947 in·

343 1989 485 2074 ficiens.
529 1987 749 2090 Rejicintur,
784 1991 942 2090 quaein
966 1987 1146 2094 placentis
1171 2002 1315 2093 prostat
1340 2003 1378 2068 ct
1404 2017 1467 2068 su·

342 2122 468 2185 matur
494 2111 535 2182 in
559 2105 735 2212 globulos
761 2105 999 2212 cylindrosve
1029 2091 1204 2198 formasa,
1233 2105 1335 2187 foliis
1356 2109 1466 2188 aridis

343 2225 538 2317 obvoluto.

245 2451 493 2540 Santalum
517 2451 730 2536 rubrum.
763 2451 983 2563 Lignum.
1020 2453 1176 2540 Rotltes
1195 2453 1465 2546 Saudcldolz.
1519 2399 1525 2406 Ι
1568 2561 1571 2568 Δ

298 2637 527 2724 Scntelum
547 2637 697 2722 elbum
720 2634 854 2722 Lien.
884 2649 1004 2726 Ardor
1018 2647 1148 2722 Indue
1165 2649 1352 2723 orientats.

254 2887 256 2894 .
374 2811 504 2924 ¹Ligni
516 2820 636 2898 frusta
651 2821 781 2911 rubra,
811 2835 920 2898 extus
938 2845 1047 2924 saepe
1065 2817 1203 2896 coloris
1223 2819 1466 2912 obscurioris,

345 2967 478 3046 sapore
490 2938 630 3016 blando
643 2940 907 3044 adstringente.
945 2937 1183 3014 Praeferatur
1195 2937 1323 3016 colore
1335 2939 1469 3018 floride

267 3115 271 3128 .
346 3059 466 3136 rubro
487 3073 525 3136 et
544 3057 731 3162 rejiciatur
752 3060 861 3137 scobs
882 3059 1139 3161 heterogeneis
1159 3061 1368 3162 inquinato.

247 3263 382 3379 Sapo
410 3261 752 3348 domesticus.
812 3267 1000 3348 Haussei
1018 3293 1057 3345 e.

249 3477 371 3594 Sapo
399 3477 683 3592 Hispanicus
712 3476 866 3561 albus.
910 3471 1072 3592 Weisre
1094 3473 1467 3594 SpeurtcheSeifh.

500 3635 663 3707 Paratur
677 3659 698 3706 e
717 3649 819 3706 natm
834 3649 871 3705 et
889 3631 965 3706 oleo
983 3633 1155 3706 olivamm
1172 3637 1210 3706 in
1225 3629 1374 3736 efficieris
1385 3632 1470 3708 che-

500 3755 596 3826 micis
619 3751 759 3826 Gallr‘ae
778 3751 944 3824 amede
962 3767 999 3824 et
1020 3751 1231 3852 Hebpam'rze.

398 3888 627 3993 Compactus
643 3884 782 3994 mollis,
807 3885 931 3974 albus,
954 3883 1140 3977 lubricus,
1169 3889 1211 3966 in
1232 3891 1370 3993 spiritu
1392 3891 1471 3966 vini

352 4007 554 4085 rectificeto
583 4034 630 4082 ex
658 4019 738 4086 toto
768 4002 952 4098 solubilis,
986 4007 1027 4081 in
1057 4031 1155 4110 aqua
1180 4005 1368 4086 solutione
1389 4021 1471 4086 tun
