3392 4742
760 335 963 452 (122)

295 557 513 664 Evsporent
537 555 584 634 ed
621 547 758 634 uncias
790 549 951 661 triginta
978 580 1071 664 sex,
1116 558 1258 666 quibus
1291 561 1332 636 in
1357 573 1476 638 retor-

244 693 321 754 tam
345 681 505 766 vitream
530 681 719 770 immissis,
747 678 841 756 adde

359 830 551 944 Mangani
578 830 745 946 oxydati
774 834 901 919 nativi
930 821 1171 922 subtilissime
1196 843 1273 918 triti
1311 831 1448 918 uncias

809 963 924 1078 duas,

338 1067 483 1179 “Aeidi
511 1094 735 1210 sulphuris
751 1094 883 1182 ‘cruet
909 1097 1048 1180 uncias
1074 1091 1309 1208 duodecim,

360 1223 503 1342 Aquae
533 1225 720 1311 fontanae
749 1228 879 1314 unciis
907 1257 975 1314 sex

245 1376 395 1458 dilutas.
435 1383 614 1465 Retortee
638 1383 782 1466 collum
805 1385 920 1464 ablue

358 1500 501 1647 Aquae
530 1529 752 1620 destinatae
783 1535 915 1620 unciis
943 1521 1116 1618 duabus.

295 1675 481 1782 Adspteto
506 1683 712 1786 recipiente
743 1695 782 1759 et
807 1681 996 1786 juncturis
1026 1655 1166 1759 eleusis
1187 1677 1253 1756 fiet
1277 1675 1475 1756 destillatio

245 1793 292 1870 ed
313 1800 470 1914 siecum.
511 1801 552 1877 Si
573 1801 800 1881 destillatum
818 1801 924 1882 acido
942 1795 1172 1906 sulphuroso
1189 1813 1257 1878 aut
1274 1825 1475 1906 empyreu-

244 1930 343 1994 mste
365 1933 494 2010 scatet,
521 1947 637 2027 super
721 1923 725 1931 “
797 2013 805 2024 1

360 2073 552 2190 Mangani
565 2077 732 2192 oxydati
745 2047 1132 2167 nativisubtilissime
1144 2089 1225 2165 triti
1243 2078 1363 2164 uncia
1376 2105 1472 2190 um,

209 2297 213 2302 -
245 2251 390 2346 sivero
417 2229 524 2330 acide
550 2251 788 2360 sulphurico,
813 2283 929 2361 super

359 2413 455 2500 Kali
481 2418 623 2502 acetici
649 2430 855 2504 sufficiente
880 2428 1089 2531 quantitate
1236 2389 1241 2400 ⁸

244 2563 489 2644 rectifieetur.
529 2567 577 2642 In
601 2567 697 2644 vasis
721 2563 820 2640 bene
845 2563 1029 2642 obturetis
1054 2589 1173 2640 servs.

295 2685 356 2764 Sit
370 2683 587 2792 limpidum,
611 2683 749 2764 coloris
767 2711 914 2792 expers,
937 2685 985 2760 ab
999 2695 1282 2792 empyreumste
1293 2681 1470 2775 liberum,

243 2833 316 2885 nec
343 2804 450 2883 aeide
476 2803 705 2911 sulphuroso
729 2832 802 2882 nec
827 2803 1048 2910 sulphurieo
1076 2805 1330 2909 inquinatum,
1368 2803 1474 2909 quod

244 2926 376 3018 odore,
404 2953 503 3031 equa
528 2923 876 3032 hydmsulphurste
902 2939 941 3002 et
966 2923 1117 3029 liquore
1143 2924 1298 3030 beryise
1317 2925 1473 3002 nitriene

245 3046 491 3152 dignoscitur.
531 3049 576 3122 Ρ.
588 3071 692 3152 spec.
707 3079 753 3116 =
770 3053 805 3137 1,
818 3049 890 3122 035
905 3091 950 3106 -
967 3053 1002 3134 1,
1013 3050 1102 3122 045.

493 3329 753 3435 Acetum
802 3323 1223 3434 destillatum.

301 3530 478 3648 Acetum
492 3537 616 3616 addite
629 3527 829 3616 sedecima
847 3542 997 3618 circiter
1010 3549 1121 3646 parte
1138 3529 1362 3616 carbonum
1378 3529 1473 3645 pul·

245 3669 475 3736 veratorum
501 3657 663 3738 destillet
687 3687 709 3736 e
734 3673 876 3738 retorta
905 3663 1036 3752 vitrea,
1064 3674 1131 3738 aut
1156 3687 1178 3737 e
1202 3661 1324 3738 vesica
1347 3659 1472 3738 destil-

244 3777 378 3856 latoria
405 3807 565 3887 cuprea,
599 3793 734 3858 stanno
760 3779 925 3860 obducta
947 3785 1170 3887 munitaque
1196 3777 1371 3888 capitello
1396 3807 1474 3858 uns

246 3925 336 3976 cum
355 3900 452 3980 tubo
468 3901 749 4007 refrigemlorio
768 3927 790 3978 e
806 3915 940 3980 stanno
963 3929 1063 4010 puro
1081 3915 1226 4009 pereto.
1266 3899 1473 4006 Rejicistur
1560 3891 1566 3902 ⁴

245 4039 335 4126 peis
348 4005 547 4096 sedecima
564 4024 691 4128 primo
712 4013 890 4128 prodiens
919 4034 959 4100 et
987 4025 1232 4102 continuetur
1255 4019 1470 4114 destillatio,
