3352 4736
767 353 910 470 <180
950 357 990 474 ),

307 569 353 645 In
370 571 551 646 mortario
572 572 693 658 vitreo
717 583 784 645 aut
799 565 947 672 lapideo
966 581 1076 645 caute
1098 581 1135 644 et
1156 567 1311 672 quidem
1328 569 1479 674 spiritus

256 694 334 766 vini
352 689 499 793 aliquot
517 703 640 793 guttas
661 689 820 766 subinde
838 688 1087 794 inspergendo
1107 687 1310 793 pulveratis
1329 689 1422 764 adde

371 829 619 948 Hydrargyri
638 829 821 948 depurati
837 853 966 946 partes
984 853 1078 916 tres.

307 985 425 1062 Misce
440 983 594 1060 terendo
609 985 728 1061 donec
742 983 885 1088 globuli
898 983 1119 1092 hydrargyri
1134 987 1284 1090 penitus
1298 985 1481 1091 disparue-

255 1107 346 1180 rint.
376 1105 497 1180 Mixta
518 1107 677 1180 immitte
698 1108 738 1178 iu
760 1105 996 1180 cucurbitam
1017 1109 1174 1181 vitream
1196 1101 1413 1210 oblongam,
1444 1121 1481 1182 et

255 1222 337 1327 lege
358 1229 444 1300 artis
465 1227 505 1297 in
525 1247 658 1300 arenae
679 1221 816 1298 balneo
837 1223 1010 1300 sublima.
1047 1223 1205 1300 Massam
1226 1225 1476 1318 sublimatam,

256 1372 277 1418 a
298 1343 461 1446 globulis
482 1343 705 1449 hydrargyri
727 1342 899 1434 liberam,
924 1359 1077 1420 contere
1103 1360 1140 1419 et
1158 1343 1284 1419 denuo
1302 1338 1495 1422 sublima(

254 1463 366 1540 Tunc
397 1467 437 1539 in
467 1461 663 1567 pulverem
693 1462 978 1568 subtilissimum
1006 1463 1251 1568 laevigatione
1277 1464 1476 1556 redactam,

256 1585 373 1660 affusa

252 1793 257 1806 ,
373 1703 545 1819 ὃρίῐὶωε
564 1707 661 1794 Vini
678 1705 927 1791 alcoholisati
952 1717 1159 1818 quantitate
1178 1715 1395 1803 sufficiente,

256 1856 396 1961 digere,
420 1857 541 1934 donec
558 1855 835 1962 hydrargyrum
852 1858 1091 1932 muriaticum
1113 1857 1349 1931 corrosivum
1367 1853 1478 1930 foroi-

256 1990 320 2052 tan
332 1979 547 2054 immixtum
566 1973 733 2052 solutum
751 1975 881 2053 fuerit.
909 1973 1077 2051 Tandem
1094 1973 1289 2079 pulverem
1307 2002 1329 2050 a
1345 1977 1479 2079 spiritu

256 2095 459 2173 filtratione
474 2111 625 2200 'separa‚
653 2099 749 2172 sicca
772 2110 809 2170 et
829 2095 916 2172 loc'o
933 2094 1113 2179 umbroso
1131 2107 1239 2169 caute
1258 2119 1376 2170 serva.

306 2215 365 2292 Sit
376 2215 501 2320 pulvis
515 2215 623 2292 albus
635 2229 703 2291 out
717 2215 934 2304 damnem,
956 2204 1236 2300 subtilissimus,
1260 2213 1307 2286 ab
1322 2211 1479 2318 hydrar-

256 2361 352 2442 gyro
379 2337 577 2410 muriatico
606 2338 798 2428 corrosivo
826 2338 983 2410 omnino
1004 2333 1114 2410 liber.
1150 2333 1250 2408 Hinc
1272 2335 1313 2406 in
1332 2331 1479 2408 aethere

256 2453 477 2558 sulphurico
502 2466 632 2529 coctus
654 2453 824 2530 addendo
845 2481 983 2558 aquam
1010 2451 1188 2528 calcariae
1208 2463 1275 2525 aut
1292 2449 1480 2554 liquorem
1561 2501 1565 2508 -
1590 2467 1594 2475 '

255 2571 331 2650 lali
351 2575 504 2650 oaustioi
526 2587 593 2648 aut
612 2601 749 2677 aquam
762 2569 1159 2679 hydrosulphuratam,
1183 2568 1336 2646 nullum
1349 2569 1478 2646 demit·

256 2707 310 2770 tat
329 2695 629 2806 praecipitatum.
734 2694 741 2706 “

135 2904 137 2911 ’
257 2919 738 3069 Hydrargyrum
808 2917 1150 3068 oxydatum
1212 2913 1477 3044 rubrum

635 3101 1092 3222 praeparatum.

256 3246 475 3344 (Memor-ius
483 3247 1103 3345 proecepitatusruberpmepamtus.
1135 3239 1313 3342 Oxydum
1325 3237 1477 3340 hydrum

639 3369 799 3464 gyrrhum
808 3365 1091 3466 praeparatura.)

257 3521 315 3602 Il.
371 3512 618 3632 Hydrargyri
637 3513 820 3630 depurati
838 3515 982 3600 libram
999 3545 1138 3600 unam.

307 3651 421 3732 Solve
445 3651 486 3728 in

368 3769 490 3858 Acidi
507 3773 641 3857 uitrici
662 3781 868 3883 quantitate
883 3783 1100 3858 sufficiente.

305 3921 452 4024 Liquor
468 3923 510 3996 in
525 3947 611 3998 vaae
630 3917 780 4006 idoneo,
813 3919 899 4020 igne
918 3923 1044 4024 primo
1063 3915 1139 3995 leni
1159 3931 1288 4023 postea
1310 3917 1475 4008 fortiori,

257 4041 302 4118 ad
314 4043 463 4119 *siccum
484 4055 675 4145 evaporet.
703 4039 805 4160 Tum
819 4037 912 4114 adde
