3392 4742
612 245 1096 460 ⁸(129),-

180 557 415 660 ›quamtitatc
441 552 557 644 dilue,
594 570 639 632 ut
663 556 710 631 sit
728 555 879 662 pondus
902 554 1181 661 specificuml,
1192 561 1331 652 25-1‚
1346 567 1431 640 136.

206 677 256 752 In
273 678 368 752 vasis
388 677 587 780 epistomio
605 677 727 751 vitreo
745 679 901 754 munitis
924 703 1043 779 sura.

259 793 360 872 Care
383 822 432 870 ne
453 795 606 872 acidum
616 793 923 899 phosphorosum
937 809 1004 872 aut
1017 799 1206 876 nitrosum
1220 800 1435 942 isarnixtum

206 915 268 1006 sit,
297 912 415 992 odore
437 912 748 1018 dignoscendum.
1302 943 1306 953 ‚

206 1137 459 1246 Acidum
486 1141 969 1290 pyro-lignosum
996 1145 1424 1253 rectificatum.

262 1357 442 1444 Acidum
460 1345 799 1474 pyro-lignosum
817 1357 992 1444 crudum
1016 1335 1190 1448 retortae*
1203 1373 1342 1449 vitreae
1362 1375 1433 1450 im·
1506 1395 1512 1404 ·

204 1491 378 1566 mittatur
395 1504 433 1566 et
444 1487 521 1564 leni
539 1491 626 1592 igne
641 1486 819 1579 destillet,
841 1489 962 1567 donec
980 1505 1056 1568 tres
1077 1490 1301 1594 quadrantes
1318 1489 1433 1570 eliciti

203 1606 361 1686 fuerint.
399 1611 446 1686 In
464 1610 559 1686 vasis
577 1607 675 1684 bene
696 1605 829 1686 clausis
849 1636 966 1686 serva.

176 1795 182 1806 ’
240 1767 508 1901 Acidurn
542 1783 949 1902 'succinicu'm
987 1793 1387 1944 depuratum.

567 1959 647 2058 (Sal
664 1959 813 2034 Succiru‘
825 1961 1070 2060 depuratum.)

260 2109 442 2198 Acidum
472 2113 723 2198 succinicum
755 2108 930 2196 crudum
952 2143 1055 2228 aqua
1082 2109 1281 2196 destillata
1315 2119 1432 2216 calida

169 2305 174 2312 .
203 2239 383 2320 solvatur.
424 2241 573 2349 Li'quor
597 2269 668 2347 per
692 2239 858 2319 chartam
883 2239 1055 2317 bibulam
1081 2239 1256 2334 filtretur‚
1285 2255 1433 2346 etpost

204 2351 508 2470 evaporationem
521 2360 772 2440 sufficientem
785 2361 831 2435 ad
850 2358 1198 2466 crystallisationem
1210 2373 1429 2468 seponatur,

204 2483 310 2588 quod
320 2499 524 2588 repetatur,
545 2481 727 2588 quamdiu
742 2477 906 2585 crystalli
920 2479 1007 2556 inde
1020 2505 1098 2559 non
1111 2484 1223 2558 nimis
1236 2479 1432 2560 flavescen-

202 2616 258 2682 tes
280 2607 512 2680 exoriuntur.
539 2669 543 2676 .
1390 2699 1394 2708 ·

254 2721 340 2800 Sint
356 2721 520 2828 crystalli
538 2721 726 2800 tabulares
739 2735 991 2814 coacervatae,
1013 2723 1053 2797 in
1071 2723 1207 2826 spiritu
1224 2721 1303 2806 vini
1319 2721 1430 2798 recti·
1493 2813 1502 2824 ,

203 2841 418 2920 ficatissimo
437 2839 632 2933 solubiles,
660 2844 701 2917 in
720 2844 807 2946 igne
828 2841 939 2948 plane
957 2837 1140 2918 volatiles.
1228 2869 1258 2882 ’·
1355 2873 1362 2886 ·

204 3043 468 3153 Acidum
503 3045 959 3194 sulphuricum
991 3033 1439 3180 certificatum
1507 3145 1510 3148 ,

561 3258 628 3316 seu
657 3207 1058 3357 depuratum.

190 3391 192 3398 ’
266 3381 493 3481 (Acrilums.
519 3379 647 3454 Oleum
664 3382 707 3458 V
704 3381 812 3454 atnolr
819 3381 1098 3480 rectficatums
1118 3381 1365 3484 deploratum.)

215 3531 439 3622 Acidum
465 3533 744 3648 sulphuricum
768 3531 942 3620 crudum
962 3571 983 3620 e
1001 3557 1143 3622 retorta
1159 3547 1277 3620 vitrea
1296 3569 1430 3620 arenae

201 3661 337 3741 balneo
357 3666 521 3740 immissa
539 3663 746 3768 prudenter
758 3663 936 3755 rectifica,
962 3663 1098 3766 rejecta
1120 3663 1304 3740 sedecima
1324 3677 1430 3768 parte

201 3786 326 3890 primo
337 3781 564 3890 prodeunte.
592 3781 757 3860 Aridum
774 3783 974 3862 obtentum
992 3788 1032 3859 in
1048 3785 1143 3862 vasis
1163 3786 1360 3890 epistomio
1372 3787 1429 3862 ri·

201 3917 285 3981 treo
303 3904 461 3982 munitis
477 3915 597 3980 serva.

250 4021 401 4102 coloris
421 4025 468 4102 sit
488 4048 636 4128 expers.
663 4025 707 4101 P.
719 4049 821 4128 spec.
837 4057 883 4094 =
900 4019 1213 4114 1‚'slo-1,850.
1262 4119 1268 4134 ἢ

1212 4141 1249 4218 R
