3372 4722
520 823 523 829 ·
603 821 1059 940 enarrarre.
1239 919 1242 926 ,

174 1409 179 1418 ’
225 1284 386 1497 Cum
419 1406 553 1490 omnia
584 1403 665 1488 sere
693 1391 1034 1518 Pharmacopoeae
1058 1402 1285 1490 Borussicae
1313 1433 1449 1488 exem-

223 1541 366 1658 plaria,
416 1541 480 1624 uti
519 1537 644 1655 vulgo
682 1558 899 1650 vocantur,
948 1566 1055 1622 anno
1095 1531 1207 1636 1827
1244 1539 1446 1653 impressa,

223 1672 388 1762 vendita
420 1696 566 1786 essent,
605 1675 870 1758 necessarium
899 1693 997 1782 erat,
1035 1691 1083 1756 ut
1108 1701 1214 1758 nova
1242 1674 1450 1788 imprime·

103 1875 111 1884 .
224 1831 378 1896 rentur.
444 1809 572 1895 Jussit
593 1848 600 1860 ·
618 1809 753 1923 itaque
795 1805 895 1896 VIR
935 1803 1335 1896 NOBILISSIMUS
1375 1806 1449 1896 AC

224 1939 717 2064 GENEROSISSIMUS
746 1941 882 2060 Lrnnn
905 1941 1029 2028 Bnno
1049 1939 1181 2030 Srnnt
1202 1969 1259 2028 sn
1278 1942 1453 2032 Arann-

225 2109 362 2190 srnm,
397 2079 469 2194 qui
496 2107 696 2163 summam
709 2079 777 2162 ‘rei
804 2073 983 2162 medicae
1011 2078 1054 2159 in
1084 2075 1223 2190 Regno
1248 2077 1451 2198 Borussiae

226 2243 364 2299 curam
400 2211 538 2326 habet,
577 2233 648 2325 ut,
680 2242 782 2328 quae
810 2213 1155 2328 imprimerentur,
1185 2211 1237 2296 ab
1260 2214 1451 2321 omnibus

226 2323 334 2434 vitiis
363 2347 659 2462 typographicis
687 2368 851 2462 purgata
878 2343 1112 2462 prodirent,
1152 2376 1229 2432 nec
1258 2378 1364 2461 non,
1404 2373 1456 2466 ut¹

227 2485 270 2567 in
306 2483 355 2567 iis
391 2501 662 2594 mutarentur,
712 2511 814 2596 (prae
851 2479 1045 2566 mutanda
1072 2503 1227 2596 essent,
1267 2505 1309 2574 et
1337 2483 1453 2572 facilc

227 2618 374 2702 mutari
410 2637 589 2732 possent.
658 2615 792 2729 Quam
833 2615 891 2700 ob
926 2647 1013 2701 rem
1049 2647 1136 2703 non
1172 2617 1307 2702 solum
1345 2620 1453 2704 viros

227 2734 378 2846 peritos
406 2727 617 2841 consului,
648 2726 721 2816 sed
748 2759 914 2845 quoque
941 2727 1101 2814 libellos
1128 2731 1289 2818 criticos
1305 2733 1381 2818 hac
1401 2729 1452 2817 de

228 2897 271 2951 re
303 2863 433 2951 editos
470 2883 511 2947 et
544 2866 696 2949 correxi
724 2893 770 2948 ac
800 2865 956 2948 mutavi
983 2894 1085 2980 quae
1113 2861 1306 2948 mutanda
1335 2865 1452 2952 tide-

227 3000 390 3086 bantur.
449 2995 514 3084 Ne
542 3029 639 3085 vero
674 2999 747 3116 qui
776 2999 951 3114 priorem
982 2995 1205 3084 editionem
1231 2997 1309 3086 sibi
1336 3031 1453 3092 com-

227 3154 431 3250 pararunt,
444 3135 577 3246 ⁴igpari
594 3153 725 3220 essent
742 3163 899 3246 eorum,
927 3163 1029 3249 quae
1048 3155 1224 3222 correcta
1242 3155 1284 3219 et
1301 3158 1454 3223 mutata

230 3289 345 3384 sunt,
376 3265 577 3384 appendix
601 3271 747 3354 haecce
774 3271 939 3355 seorsim
964 3265 1132 3382 prodiit.

343 3399 642 3492 Medicamenta
669 3401 882 3520 quaedam,
913 3387 1089 3520 quorum
1115 3433 1211 3492 usus
1238 3407 1361 3518 magis
1388 3411 1454 3492 in-
1543 3461 1545 3464 -

230 3539 388 3651 notuit,
417 3568 528 3624 nunc
555 3535 608 3624 ad
632 3535 792 3625 Partem
809 3541 1002 3656 primam,
1031 3535 1084 3624 ad
1101 3569 1147 3624 ea
1163 3539 1317 3626 scilicet
1334 3542 1454 3628 relata

230 3694 349 3798 sunt,
384 3704 487 3792 qnae
514 3703 670 3789 semper
697 3675 741 3759 in
769 3671 944 3760 officinis
971 3675 1319 3792 pharmaceuticis,
1355 3708 1454 3796 quas

231 3829 396 3923 vocant,
423 3830 580 3925 praesto
598 3838 681 3896 esse
699 3807 867 3895 debent.
926 3809 1017 3895 Alia
1033 3841 1145 3923 vero,
1166 3811 1301 3896 minus
1316 3841 1455 3898 neces-

231 3945 328 4029 saria
345 3944 444 4058 risa,
465 3946 509 4030 in
527 3941 643 4031 Parte
660 3943 836 4064 secunda
853 3947 1037 4062 reperies.
1089 3944 1305 4060 Ejusmodi
1321 3969 1455 4032 muta-

1061 4085 1126 4160 Aa
