3392 4742
773 369 975 484 (aaa)

374 583 611 672 Carbonum
626 595 911 704 pulveratornm
929 609 1039 703 parte
1056 582 1151 674 una.

310 735 429 810 Mixta
447 738 487 810 in
504 733 704 813 crucibulo
722 718 822 812 tecto
841 737 1075 830 candescant,
1097 709 1217 816 donec
1234 739 1360 845 pulvis
1377 739 1485 820 albus

259 870 448 960 appareat,
477 884 594 959 quem
606 855 729 933 adhuc
742 855 906 974 calidum
918 861 959 934 in
971 887 1034 936 vas
1047 862 1211 936 vitreum
1223 861 1351 964 ingere
1364 863 1484 967 probe

259 973 344 1050 dein
361 973 625 1052 claudendum.

307 1095 421 1200 Aqua
446 1092 569 1174 alsusa
595 1098 805 1173 carbonum
829 1097 1033 1203 particulae
1061 1127 1139 1176 non
1171 1119 1411 1206 separentur,
1446 1120 1484 1182 et

257 1215 362 1292 acido
377 1215 600 1322 sulphurico
621 1215 741 1294 diluto
761 1244 822 1324 gas
841 1217 1230 1326 hydrosulphuratum
1249 1225 1400 1328 copiose
1419 1251 1482 1300 ex·
1524 1244 1528 1255 ’

253 1339 434 1413 tricatur.'

345 1566 625 1670 Calcaria
680 1565 1390 1712 sulphurato-stibium.

254 1737 377 1836 (Calc
394 1739 687 1812 Antamomtoam
704 1737 901 1837 Sulphurc.
930 1737 1184 1840 Sulphuretum
1208 1741 1326 1816 Galea·
1344 1767 1377 1814 c.
1397 1739 1480 1816 Sul-

524 1855 794 1956 plrurcto·Stzbzi'
806 1874 843 1930 et
857 1856 1030 1958 Sulphota
1044 1861 1205 1959 caloae.)

173 2032 180 2049 “
251 2013 309 2094 R.
367 2009 625 2098 Concharum
644 2033 959 2126 praeparatarum
976 2015 1112 2097 uncias
1133 2011 1246 2126 duas,

365 2139 488 2228 stibii
506 2141 656 2228 venalis
680 2151 851 2256 laevigati
878 2142 1086 2228 drachmas
1106 2141 1219 2256 duas,

366 2269 580 2386 Sulphuris
600 2272 782 2388 depurati
806 2279 968 2360 unciam
990 2273 1215 2360 dimidiam
1371 2373 1376 2380 ¹

300 2421 420 2496 lllixta
443 2423 484 2496 in
508 2421 709 2498 crucibulo
732 2422 958 2527 obtegantur
979 2421 1098 2500 strato
1120 2423 1352 2500 concharum
1371 2451 1474 2530 prae·

249 2554 463 2645 paratarum
483 2556 521 2616 ct
540 2567 607 2645 per
627 2540 760 2617 horam
777 2542 968 2618 dimidiam
981 2544 1256 2621 incandescant.
1286 2545 1402 2636 Tum,
1417 2572 1475 2621 re·

248 2661 347 2765 jecto
371 2677 487 2738 atrato
512 2660 757 2752 concharum,
779 2689 937 2740 massam
961 2667 1083 2740 exime
1102 2664 1413 2766 etrefrigeratam
1432 2691 1475 2740 ac

247 2781 345 2858 bene
358 2785 482 2858 tritam
494 2784 536 2856 in
548 2783 778 2858 vasisvitreis
792 2786 916 2886 parvis
929 2787 1139 2890 capacitatis
1151 2782 1349 2860 drachmae
1362 2785 1474 2859 unius
1540 2811 1546 2818 ·
1675 2789 1676 2810 ²

246 2902 345 2978 benc
368 2903 554 2978 'obturatis
580 2927 697 2978 serva.

298 3021 357 3098 Sit
373 3019 498 3124 pulvis
518 3049 539 3096 e
558 3019 770 3097 flavescenti
793 3025 949 3124 griseus,
979 3026 1047 3125 qui
1066 3025 1185 3100 affirso
1209 3024 1316 3101 acido
1333 3026 1473 3098 muria-

245 3142 323 3216 tico
337 3138 775 3216 coloremaurantiacum
793 3141 975 3234 ostendat,
1003 3141 1471 3248 gaobydrosulphuratum

246 3257 359 3336 simul
385 3259 547 3363 copiose
561 3261 747 3336 emittens.
1293 3271 1297 3280 '
1493 3267 1496 3274 “

525 3495 715 3604 Carbo
765 3531 1190 3651 praeparatus.

704 3673 845 3773 (Carbo
867 3679 1013 3776 partas.)
1047 3679 1052 3687 '

301 3825 505 3913 Carbones
523 3826 763 3939 vegetabiles
782 3835 1032 3940 grossiusculc
1055 3837 1270 3943 pulveratoo
1294 3851 1331 3914 et
1352 3867 1470 3944 aquae

243 3955 455 4034 sufficiente
483 3963 591 4064 copia
618 3975 790 4036 excoctos
816 3985 886 4034 ure
908 3960 948 4031 in
968 3953 1167 4035 curcibulo
1188 3957 1329 4048 clauso,
1360 3957 1469 4062 cujus

244 4075 468 4184 operculum
493 4075 678 4154 foramine
703 4105 820 4184 parvo
846 4080 1075 4155 instructum
1100 4081 1161 4164 sit,
1190 4077 1311 4154 donce
1334 4077 1468 4154 fumus
