3352 4736
760 287 964 406 (111)

304 507 362 584 811
385 504 511 611 pulvis
534 501 681 582 sordide
707 499 829 590 albus,
858 503 926 602 qui
947 501 1025 603 igni
1046 497 1142 576 tubo
1168 497 1475 578 111111111111110110

254 637 366 704 ructo
388 627 429 700 in
449 623 612 701 carbone
635 623 826 726 expositus
845 619 956 696 facile
976 623 1017 695 iu
1038 617 1233 696 metallum
1255 617 1471 708 reducatur,

253 753 330 852 per·
347 770 386 822 se
411 747 549 847 ignitus
568 741 695 818 colore
718 740 817 818 flavo
834 738 1018 844 liquescat
1040 753 1077 815 et
1103 741 1143 814 in
1166 765 1251 816 rese
1277 736 1405 816 clauso
1431 739 1475 814 li·

254 877 390 968 qualus
416 861 655 940 sublimetur.

297 1178 301 1184 ·
356 1107 614 1218 stibium
650 1109 1072 1257 sulphuratum
1109 1112 1363 1254 nigrum.

563 1281 832 1382 (Sulplrrcretum
856 1283 887 1358 S
888 1284 962 1354 libii
978 1282 1149 1380 argrimi.)
1364 1285 1369 1296 '

183 1445 186 1450 “
254 1437 312 1518 R.
368 1432 490 1519 Stibii
518 1432 668 1518 venalis
703 1439 944 1516 subtilissime
960 1439 1144 1545 pulvereti
1176 1432 1313 1514 uncias
1333 1431 1476 1544 viginti

812 1581 1011 1670 1111111111,

369 1671 580 1808 Sulphuris
605 1669 787 1805 deputati
810 1692 946 1774 uncias
969 1720 1133 1776 novem.
1205 1661 1207 1666 ,

304 1853 442 1930 Inlime
454 1851 570 1924 mixtu
583 1861 621 1922 et
638 1849 679 1922 iu
692 1843 933 1922 crucibulum
949 1847 1111 1922 immissa
1123 1859 1239 1924 struto
1257 1834 1370 1922 Natri
1384 1867 1476 1922 mu·
1613 1829 1616 1838 ’

254 1959 380 2042 11111111
398 1969 495 2044 bene
514 1969 602 2044 sicci
621 1967 783 2044 crassitie
800 1961 948 2068 pollicis
968 1978 1065 2067 tege,
1091 1980 1129 2041 et
1146 1968 1223 2069 igni
1244 1993 1407 2072 expone,
1433 1981 1477 2043 ut

254 2085 497 2165 crucibulum
514 2113 584 2192 per
606 2076 847 2160 semihoram
868 2084 1073 2161 candescet.
1114 2085 1216 2162 Tum
1235 2084 1477 2163 crucibulum

255 2211 390 2298 exime,
415 2221 466 2298 et,
494 2205 569 2285 hoc
587 2205 806 2309 refrigerato
827 2218 865 2280 et
884 2203 1075 2295 diffracto,
1095 2231 1254 2282 messum
1274 2205 1476 2283 cohaeren-

253 2341 344 2418 tem,
366 2329 524 2426 uigram,
548 2324 806 2431 splendentem
818 2351 861 2424 ae
873 2324 1071 2412 radiosum,
1089 2328 1242 2402 escuris
1255 2339 1293 2402 et
1305 2326 1431 2418 stibio,
1447 2329 1476 2404 si

254 2445 370 2536 adest,
398 2473 539 2550 separa.

254 2689 480 2798 stibium
509 2693 879 2842 sulphuratum
910 2695 1121 2838 nigrum
1157 2693 1471 2838 laevigatum.

313 2889 492 2976 Sribium
517 2889 798 3004 sulphuratum
826 2889 986 3003 uigrum
1013 2897 1236 3002 praecedens
1260 2897 1476 3004 laevigando

255 3023 295 3093 iu
315 3019 513 3122 pulverem
536 3017 822 3095 subtilissimum
841 3017 979 3119 redige.

256 3280 479 3382 Suceus
514 3257 698 3382 Dauci
740 3279 1092 3424 inspissatus
1129 3273 1470 3424 depuratus.

609 3439 722 3538 (Roob
734 3443 856 3515 Dauei
870 3441 1115 3541 depuratum.)

312 3593 468 3681 Succus
481 3594 608 3680 Dauei
622 3597 850 3708 inspissatus
870 3593 1018 3678 crudus
1037 3595 1156 3710 Aqua
1174 3601 1384 3681 communi
1402 3607 1476 3687 sol·

256 3739 378 3814 vatur,
414 3741 499 3830 post
527 3722 849 3801 decuuthetionem
874 3723 1034 3814 coletur,
1065 3739 1102 3824 et
1133 3727 1257 3830 primo
1277 3725 1353 3803 leui
1374 3731 1473 3830 igne,

256 3844 389 3920 deiude
412 3848 454 3919 in
478 3843 614 3922 balneo
639 3847 802 3948 vaporis,
835 3843 882 3918 ud
907 3847 1039 3950 syrupi
1064 3847 1247 3950 spissioris
1272 3849 1476 3924 consisten-

255 3965 346 4039 tium
365 3978 554 4068 evaporet.
594 3965 639 4039 In
660 3965 754 4040 vasis
773 3963 871 4040 bene
891 3963 1074 4041 obturetis
1093 3963 1180 4043 loeo
1197 3965 1336 4069 frigido
1355 3993 1473 4044 servu.
