3428 4742
754 339 919 464 Ι(6)

383 557 898 668 Crystallisubcohcerentes
918 557 1173 650 flavescentes,
1195 585 1329 665 tepore
1345 561 1452 641 acido

331 681 586 770 bituminosa,
625 678 740 757 odore
771 677 846 758 olei
877 681 1041 769 succini,
1082 682 1169 784 igne
1203 707 1293 760 cum
1321 683 1453 768 nidore
1504 673 1508 682 ’

333 803 465 878 tussim
496 803 682 877 excitante
710 798 822 906 plane
849 797 1063 892 avolantes,
1099 803 1144 886 in
1171 807 1291 906 equee
1319 804 1453 908 viginti

332 925 506 1026 quinquo
529 921 714 1026 partibus,
742 917 874 997 relicto
901 917 1002 1012 oleo,
1029 917 1225 1010 solubiles,
1250 920 1453 1001 humorem
1548 991 1552 998 .

334 1068 382 1118 cx
399 1051 485 1116 stre
501 1067 581 1116 non
598 1038 838 1129 attrahentes,
859 1040 1008 1116 acidum
1025 1043 1259 1132 succinicum
1276 1056 1314 1119 et
1325 1041 1455 1122 oleum

333 1162 477 1237 succini
502 1163 751 1238 continentes.
806 1158 907 1236 Cave
932 1160 980 1236 ab
1005 1162 1178 1268 impuro,
1205 1165 1316 1241 variis
1338 1163 1453 1242 tebut

193 1355 194 1360 ,
331 1278 591 1384 heterogeneis
618 1277 841 1358 adulterato.

125 1516 129 1524 ’
232 1501 454 1594 Acidum
482 1505 826 1620 sulphuricum
852 1501 1074 1592 crudum.
1110 1505 1264 1594 Oleum
1279 1509 1451 1594 vitrioli.

160 1761 165 1775 .
288 1637 408 1722 Rota
432 1630 776 1754 Sebeefebdace.
830 1639 874 1726 V
873 1636 1044 1722 itrioltil.

484 1825 748 1924 Praepamtum
786 1819 1008 1924 qspbzbarum
1044 1822 1280 1898 cleemicarum
1312 1827 1453 1900 combu-

484 1947 598 2018 stione
621 1942 803 2044 sulpburit
827 1969 909 2016 cum
934 1941 1010 2016 tati
1036 1947 1173 2044 m'trzbo,
1201 1971 1267 2017 nec
1292 1969 1370 2052 recenx
1389 1945 1453 2018 de·

484 2063 674 2136 stillattbne
697 2067 789 2136 steca
802 2063 903 2164 ferri
922 2061 1130 2163 sulpltun'ci.
1411 2055 1417 2062 ’

383 2235 531 2336 Liquor
553 2234 698 2323 acidus,
727 2235 888 2309 maxime
915 2235 1143 2324 corrosivus,
1173 2233 1281 2311 albus
1302 2250 1368 2313 aut
1389 2236 1453 2314 fu·

333 2379 514 2443 seescens,
547 2353 697 2431 efemo
723 2351 946 2458 sulphurico
971 2367 1137 2457 paratus,
1170 2353 1335 2444 fumans,
1364 2383 1455 2434 cum

275 2481 282 2490 ’
332 2499 431 2576 aqua
456 2470 701 2564 incalescens,
730 2499 776 2550 ex
802 2472 909 2550 acido
936 2471 1156 2578 sulphurico
1180 2487 1218 2548 et
1237 2502 1335 2577 aqua
1362 2459 1454 2552 con·¹

333 2605 454 2680 stans,
496 2592 656 2668 subinde
685 2589 889 2698 plumbum
919 2607 986 2670 eut
1000 2591 1158 2668 ferrum
1187 2592 1454 2699 sulphun'cum

333 2709 483 2816 alisque
514 2710 761 2814 heterogeneu
792 2715 1003 2792 continens.
1052 2713 1111 2791 Sit
1135 2712 1310 2818 ponderis
1334 2720 1454 2820 speci·

334 2828 395 2906 fici
421 2837 662 2922 =1,840·-
682 2837 819 2924 usse.

233 3068 456 3156 Acidum
482 3069 852 3185 sulphuricum
879 3067 1242 3156 restiti-catum
1265 3073 1450 3159 venale.

485 3260 750 3358 Pcacpamtum
778 3213 1001 3360 officinarum
1029 3255 1265 3332 cbemicarum
1295 3259 1452 3336 destilla-

489 3381 582 3450 tione
606 3377 706 3451 acidt'
724 3377 922 3478 sulphwtci
942 3375 1058 3451 crwli.
1164 3441 1168 3450 .

249 3603 251 3608 -
383 3549 532 3651 Liquoc
548 3547 687 3635 acidus,
705 3553 869 3646 mnxime
882 3552 1108 3632 comosivus,
1121 3547 1240 3633 albus,
1254 3575 1343 3625 cum
1356 3577 1454 3655 nque
1477 3577 1481 3582 ·

336 3669 576 3748 incalescens.
619 3668 716 3747 Sita
739 3668 899 3778 plumbo
923 3667 1145 3774 sulphurico
1167 3666 1324 3772 aliisque
1348 3669 1453 3746 hete-

335 3793 503 3895 rogeneis
529 3787 640 3895 plene
665 3787 854 3868 liberatus.
897 3789 997 3866 Hinc
1023 3817 1121 3892 equa
1147 3787 1328 3865 destillete
1354 3779 1453 3866 dilu-

334 3924 397 3988 tus
428 3925 466 3988 et
498 3909 649 4015 liquore
679 3911 860 4012 ammonii
891 3913 1046 3988 caustici
1077 3906 1340 3986 neutralisntus
1374 3935 1454 3985 non

221 4063 232 4074 ·
335 4031 525 4120 turbetur,
553 4057 624 4108 nec
643 4029 780 4108 haecce
799 4033 947 4122 mixtio,
965 4029 1091 4108 addito
1107 4028 1256 4134 liquore
1274 4032 1452 4108 ammonii
