3428 4742
644 269 1058 448 .<u)'.

221 547 429 634 Anisum
458 545 727 633 stellatum.
761 543 949 635 Semoni
1010 548 1244 638 Sarrana.

277 725 414 809 Iltirta·
437 737 584 836 spectes,
613 735 650 808 in
675 694 814 809 Insrdes
837 731 1053 835 Plu'lippzizis
1077 759 1249 836 crescens.

375 907 559 1015 Ca'psulae
578 909 660 982 6-8
679 910 720 984 in
741 907 874 984 orbem
892 909 1049 1014 positae,
1072 907 1443 1013 compressiusoulae,

322 1042 430 1107 extus
456 1055 634 1132 rugosae,
665 1030 768 1104 intus
793 1026 1015 1132 laevigatus,
1044 1027 1318 1120 uniloculares,
1347 1058 1446 1108 mar-

322 1153 408 1255 gine
443 1153 639 1256 superiore
673 1147 926 1238 dehiscentes,
968 1151 1110 1228 semina
1143 1147 1308 1226 solitaria
1342 1177 1444 1227 com·

322 1297 449 1375 pressa
475 1269 592 1346 nitida
614 1271 864 1362 continentes,
893 1269 1019 1372 odoris
1041 1273 1234 1351 aromatici
1254 1273 1360 1376 grati,
1389 1297 1447 1352 sa·

323 1393 426 1496 poris
453 1387 662 1467 subdulcia.

114 1735 124 1751 .
218 1619 663 1732 Anisumvulgare.
696 1617 881 1708 Semen.
942 1621 1070 1707 Ana.

276 1808 541 1924 Pimpinellu
567 1805 759 1894 Annam
785 1807 920 1892 Lien.

369 1993 535 2070 Fructus
555 1989 788 2096 subglobosi,
817 1993 948 2082 striati,
978 1996 1214 2086 virescentes,
1239 1995 1445 2101 pubescen-

319 2129 388 2206 tes,
417 2111 503 2220 pilis
528 2113 770 2206 brevissimis,
798 2117 941 2218 saporis
967 2113 1160 2191 subdulcis
1183 2119 1389 2196 aromatici.

121 2372 131 2390 ’
183 2414 188 2424 ’
219 2390 356 2506 Aqua
385 2389 677 2475 communis.
744 2390 967 2474 Gemeines
991 2389 1180 2474 Wosser.

369 2592 480 2696 Aque
502 2589 676 2698 pluvialis
698 2590 831 2668 filtrata
852 2595 1052 2698 purissima
1072 2607 1245 2696 praestat.
1288 2593 1441 2674 sivero

319 2707 462 2804 deficit,
498 2740 596 2816 equa
627 2711 789 2791 fluvialis
820 2741 890 2818 per
919 2711 1075 2816 aliquod
1104 2727 1259 2818 tempus
1280 2719 1442 2820 reposita

319 2848 357 2910 et
382 2831 517 2910 filtrata
546 2832 724 2910 substitui
750 2847 892 2938 potest,
920 2836 992 2910 nisi
1019 2836 1174 2910 nimiam
1202 2837 1349 2940 copiam
1375 2837 1440 2914 he·

318 2969 607 3058 terogeneorum
634 2957 834 3032 contineat.
888 2954 998 3058 Aqua
1025 2953 1198 3046 fontana,
1236 2953 1344 3032 valde
1371 2959 1440 3034 im·

317 3103 429 3180 pura,
458 3101 537 3151 non
564 3072 789 3152 adhibeatur
812 3077 883 3153 nisi
905 3079 1133 3182 praescripta
1156 3073 1286 3154 suerit.

217 3319 499 3433 Argentum.
559 3315 712 3405 Silber.

419 3505 460 3578 E
480 3505 622 3576 narreris
640 3507 783 3604 argenti
796 3507 833 3578 in
855 3501 1003 3606 ‹fflcinis
1025 3505 1229 3580 nauiter-at
1251 3509 1436 3582 obtractant

367 3674 565 3754 Metallum
590 3675 739 3769 album,
769 3675 927 3767 ductile,
964 3705 1004 3782 p.
1029 3705 1085 3784 sp.
1113 3683 1220 3770 10,o;
1258 3682 1317 3754 via
1343 3683 1440 3757 sicce

316 3825 395 3874 non
422 3797 633 3904 oxydatur3
674 3801 714 3872 in
746 3797 854 3875 acido
880 3801 1019 3875 uitrico
1050 3797 1237 3891 solutum,
1274 3799 1439 3878 admixto

316 3917 422 3996 acido
462 3919 658 3994 muriatico
696 3931 761 3996 aut
797 3917 937 3996 salibus
977 3921 1200 4011 muriaticis,
1242 3935 1440 4024 argentum

318 4039 559 4116 muriaticam
579 4039 730 4129 format,
754 4020 1040 4145 praecipitatum
1062 4069 1268 4134 caseosum,
1293 4039 1435 4131 album,
