<?xml version="1.0" encoding="UTF-8"?>
<!DOCTYPE html PUBLIC "-//W3C//DTD XHTML 1.0 Transitional//EN"
    "http://www.w3.org/TR/xhtml1/DTD/xhtml1-transitional.dtd">
<html xmlns="http://www.w3.org/1999/xhtml" xml:lang="en" lang="en">
 <head>
  <title>
</title>
<meta http-equiv="Content-Type" content="text/html;charset=utf-8" />
  <meta name='ocr-system' content='tesseract 3.04.00' />
  <meta name='ocr-capabilities' content='ocr_page ocr_carea ocr_par ocr_line ocrx_word'/>
</head>
<body>
  <div class='ocr_page' id='page_1' title='image "./pharmacopocabor00unkngoog_0189.png"; bbox 0 0 3352 4736; ppageno 0'>
   <div class='ocr_carea' id='block_1_1' title="bbox 740 333 942 466">
    <p class='ocr_par' dir='ltr' id='par_1_1' title="bbox 740 333 942 466">
     <span class='ocr_line' id='line_1_1' title="bbox 740 333 942 466; baseline 0 -27"><span class='ocrx_word' id='word_1_1' title='bbox 740 333 942 466; x_wconf 74' lang='lat' dir='ltr'><strong>(ros)</strong></span> 
     </span>
    </p>
   </div>
   <div class='ocr_carea' id='block_1_2' title="bbox 338 560 1059 676">
    <p class='ocr_par' dir='ltr' id='par_1_2' title="bbox 338 560 1059 676">
     <span class='ocr_line' id='line_1_2' title="bbox 338 560 1059 676; baseline 0.003 -30"><span class='ocrx_word' id='word_1_2' title='bbox 338 562 479 676; x_wconf 79' lang='lat' dir='ltr'><strong>Aquae</strong></span> <span class='ocrx_word' id='word_1_3' title='bbox 501 565 730 648; x_wconf 91' lang='lat' dir='ltr'><strong>communis</strong></span> <span class='ocrx_word' id='word_1_4' title='bbox 749 561 862 648; x_wconf 90' lang='lat' dir='ltr'><strong>libris</strong></span> <span class='ocrx_word' id='word_1_5' title='bbox 883 560 1059 648; x_wconf 82' lang='lat' dir='ltr'><strong>sedecim</strong></span> 
     </span>
    </p>
   </div>
   <div class='ocr_carea' id='block_1_3' title="bbox 108 701 1570 1304">
    <p class='ocr_par' dir='ltr' id='par_1_3' title="bbox 222 701 1563 829">
     <span class='ocr_line' id='line_1_3' title="bbox 222 701 1563 829; baseline 0.004 -33"><span class='ocrx_word' id='word_1_6' title='bbox 222 721 269 797; x_wconf 90' lang='lat' dir='ltr'><strong>ad</strong></span> <span class='ocrx_word' id='word_1_7' title='bbox 282 707 699 822; x_wconf 86' lang='lat' dir='ltr'><strong>dimidiumdecoque,</strong></span> <span class='ocrx_word' id='word_1_8' title='bbox 716 733 754 795; x_wconf 90' lang='lat' dir='ltr'><strong>et</strong></span> <span class='ocrx_word' id='word_1_9' title='bbox 767 736 893 824; x_wconf 88' lang='lat' dir='ltr'><strong>repete</strong></span> <span class='ocrx_word' id='word_1_10' title='bbox 907 721 1179 812; x_wconf 78' lang='lat' dir='ltr'><strong>decoctionem,</strong></span> <span class='ocrx_word' id='word_1_11' title='bbox 1196 725 1450 829; x_wconf 86' lang='lat' dir='ltr'><strong>quotiesopus</strong></span> <span class='ocrx_word' id='word_1_12' title='bbox 1559 701 1563 710; x_wconf 32' lang='grc' dir='ltr'>Ι</span> 
     </span>
    </p>

    <p class='ocr_par' dir='ltr' id='par_1_4' title="bbox 108 839 1570 1072">
     <span class='ocr_line' id='line_1_4' title="bbox 219 839 1570 944; baseline 0.001 -28"><span class='ocrx_word' id='word_1_13' title='bbox 219 841 347 916; x_wconf 78' lang='lat' dir='ltr'><strong>suerit.</strong></span> <span class='ocrx_word' id='word_1_14' title='bbox 392 841 496 916; x_wconf 89' lang='lat' dir='ltr'><strong>Tum</strong></span> <span class='ocrx_word' id='word_1_15' title='bbox 520 839 688 944; x_wconf 87' lang='lat' dir='ltr'><strong>liquores</strong></span> <span class='ocrx_word' id='word_1_16' title='bbox 713 842 907 916; x_wconf 84' lang='lat' dir='ltr'><strong>commixti</strong></span> <span class='ocrx_word' id='word_1_17' title='bbox 933 840 1159 917; x_wconf 88' lang='lat' dir='ltr'><strong>subsidendo</strong></span> <span class='ocrx_word' id='word_1_18' title='bbox 1189 855 1227 916; x_wconf 86' lang='lat' dir='ltr'><strong>et</strong></span> <span class='ocrx_word' id='word_1_19' title='bbox 1254 841 1451 918; x_wconf 86' lang='lat' dir='ltr'><strong>decantha·</strong></span> <span class='ocrx_word' id='word_1_20' title='bbox 1486 849 1488 854; x_wconf 77' lang='grc'>’</span> <span class='ocrx_word' id='word_1_21' title='bbox 1565 891 1570 897; x_wconf 95' lang='grc'>-</span> 
     </span>
     <span class='ocr_line' id='line_1_5' title="bbox 108 949 1451 1106; baseline 0.001 -70"><span class='ocrx_word' id='word_1_22' title='bbox 108 967 112 974; x_wconf 84' lang='grc'><strong>’</strong></span> <span class='ocrx_word' id='word_1_23' title='bbox 218 964 325 1039; x_wconf 88' lang='lat' dir='ltr'><strong>tione</strong></span> <span class='ocrx_word' id='word_1_24' title='bbox 350 961 523 1065; x_wconf 79' lang='lat' dir='ltr'><strong>deputati</strong></span> <span class='ocrx_word' id='word_1_25' title='bbox 549 973 754 1064; x_wconf 85' lang='lat' dir='ltr'><strong>evaporent</strong></span> <span class='ocrx_word' id='word_1_26' title='bbox 775 959 821 1033; x_wconf 85' lang='lat' dir='ltr'><strong>ad</strong></span> <span class='ocrx_word' id='word_1_27' title='bbox 841 963 1110 1036; x_wconf 79' lang='lat' dir='ltr'><strong>remanentiam</strong></span> <span class='ocrx_word' id='word_1_28' title='bbox 1139 949 1331 1036; x_wconf 84' lang='lat' dir='ltr'><strong>librarum</strong></span> <span class='ocrx_word' id='word_1_29' title='bbox 1349 987 1451 1106; x_wconf 73' lang='lat' dir='ltr'><strong>qua-</strong></span> 
     </span>
    </p>

    <p class='ocr_par' dir='ltr' id='par_1_5' title="bbox 219 1077 1449 1190">
     <span class='ocr_line' id='line_1_6' title="bbox 219 1077 1449 1190; baseline 0.007 -37"><span class='ocrx_word' id='word_1_30' title='bbox 219 1091 328 1182; x_wconf 80' lang='lat' dir='ltr'><strong>tuor,</strong></span> <span class='ocrx_word' id='word_1_31' title='bbox 360 1107 454 1183; x_wconf 84' lang='lat' dir='ltr'><strong>quas</strong></span> <span class='ocrx_word' id='word_1_32' title='bbox 482 1082 523 1154; x_wconf 94' lang='lat' dir='ltr'><strong>in</strong></span> <span class='ocrx_word' id='word_1_33' title='bbox 548 1077 684 1157; x_wconf 82' lang='lat' dir='ltr'><strong>balneo</strong></span> <span class='ocrx_word' id='word_1_34' title='bbox 711 1082 860 1184; x_wconf 87' lang='lat' dir='ltr'><strong>vaporis</strong></span> <span class='ocrx_word' id='word_1_35' title='bbox 887 1080 935 1156; x_wconf 87' lang='lat' dir='ltr'><strong>ad</strong></span> <span class='ocrx_word' id='word_1_36' title='bbox 960 1084 1116 1156; x_wconf 86' lang='lat' dir='ltr'><strong>extracti</strong></span> <span class='ocrx_word' id='word_1_37' title='bbox 1140 1081 1330 1160; x_wconf 89' lang='lat' dir='ltr'><strong>Absinthii</strong></span> <span class='ocrx_word' id='word_1_38' title='bbox 1357 1089 1449 1190; x_wconf 88' lang='lat' dir='ltr'><strong>spis-</strong></span> 
     </span>
    </p>

    <p class='ocr_par' dir='ltr' id='par_1_6' title="bbox 220 1199 877 1304">
     <span class='ocr_line' id='line_1_7' title="bbox 220 1199 877 1304; baseline -0.008 -28"><span class='ocrx_word' id='word_1_39' title='bbox 220 1201 424 1277; x_wconf 74' lang='lat' dir='ltr'><strong>citudinem</strong></span> <span class='ocrx_word' id='word_1_40' title='bbox 447 1199 586 1304; x_wconf 83' lang='lat' dir='ltr'><strong>redige.</strong></span> <span class='ocrx_word' id='word_1_41' title='bbox 630 1199 746 1276; x_wconf 84' lang='lat' dir='ltr'><strong>Serva</strong></span> <span class='ocrx_word' id='word_1_42' title='bbox 770 1199 877 1274; x_wconf 88' lang='lat' dir='ltr'><strong>bene.</strong></span> 
     </span>
    </p>
   </div>
   <div class='ocr_carea' id='block_1_4' title="bbox 269 1338 1012 1442">
    <p class='ocr_par' dir='ltr' id='par_1_7' title="bbox 269 1338 1012 1442">
     <span class='ocr_line' id='line_1_8' title="bbox 269 1338 1012 1442; baseline -0.005 -28"><span class='ocrx_word' id='word_1_43' title='bbox 269 1338 414 1416; x_wconf 85' lang='lat' dir='ltr'><strong>Eodem</strong></span> <span class='ocrx_word' id='word_1_44' title='bbox 428 1338 541 1415; x_wconf 91' lang='lat' dir='ltr'><strong>modo</strong></span> <span class='ocrx_word' id='word_1_45' title='bbox 554 1351 735 1442; x_wconf 89' lang='lat' dir='ltr'><strong>parentur</strong></span> <span class='ocrx_word' id='word_1_46' title='bbox 748 1350 786 1413; x_wconf 87' lang='lat' dir='ltr'><strong>et</strong></span> <span class='ocrx_word' id='word_1_47' title='bbox 797 1350 1012 1416; x_wconf 85' lang='lat' dir='ltr'><strong>serventur:</strong></span> 
     </span>
    </p>
   </div>
   <div class='ocr_carea' id='block_1_5' title="bbox 219 1519 1449 1874">
    <p class='ocr_par' dir='ltr' id='par_1_8' title="bbox 219 1519 1449 1874">
     <span class='ocr_line' id='line_1_9' title="bbox 219 1519 1445 1644; baseline -0.001 -20"><span class='ocrx_word' id='word_1_48' title='bbox 219 1523 599 1642; x_wconf 83' lang='lat' dir='ltr'><strong>Extractum</strong></span> <span class='ocrx_word' id='word_1_49' title='bbox 636 1519 875 1623; x_wconf 85' lang='lat' dir='ltr'><strong>Chinae</strong></span> <span class='ocrx_word' id='word_1_50' title='bbox 903 1521 1138 1644; x_wconf 82' lang='lat' dir='ltr'><strong>fuscae,</strong></span> <span class='ocrx_word' id='word_1_51' title='bbox 1172 1545 1445 1640; x_wconf 62' lang='lat' dir='ltr'><strong>colorisfuscn</strong></span> 
     </span>
     <span class='ocr_line' id='line_1_10' title="bbox 259 1662 1449 1768; baseline 0.003 -26"><span class='ocrx_word' id='word_1_52' title='bbox 259 1709 268 1722; x_wconf 73' lang='lat'>=</span> <span class='ocrx_word' id='word_1_53' title='bbox 732 1662 921 1741; x_wconf 88' lang='lat' dir='ltr'><strong>solutione</strong></span> <span class='ocrx_word' id='word_1_54' title='bbox 941 1665 981 1738; x_wconf 93' lang='lat' dir='ltr'><strong>in</strong></span> <span class='ocrx_word' id='word_1_55' title='bbox 998 1693 1097 1768; x_wconf 85' lang='lat' dir='ltr'><strong>aqua</strong></span> <span class='ocrx_word' id='word_1_56' title='bbox 1118 1666 1268 1742; x_wconf 84' lang='lat' dir='ltr'><strong>turbida</strong></span> <span class='ocrx_word' id='word_1_57' title='bbox 1289 1695 1310 1744; x_wconf 90' lang='lat' dir='ltr'><strong>e</strong></span> <span class='ocrx_word' id='word_1_58' title='bbox 1329 1667 1449 1746; x_wconf 84' lang='lat' dir='ltr'><strong>fusce·</strong></span> 
     </span>
     <span class='ocr_line' id='line_1_11' title="bbox 733 1783 1233 1874; baseline -0.01 -14"><span class='ocrx_word' id='word_1_59' title='bbox 733 1787 851 1860; x_wconf 80' lang='lat' dir='ltr'><strong>sconti</strong></span> <span class='ocrx_word' id='word_1_60' title='bbox 870 1783 966 1874; x_wconf 84' lang='lat' dir='ltr'><strong>alba,</strong></span> <span class='ocrx_word' id='word_1_61' title='bbox 1230 1799 1233 1807; x_wconf 87' lang='lat'>&#39;</span> 
     </span>
    </p>
   </div>
   <div class='ocr_carea' id='block_1_6' title="bbox 632 1925 1448 2276">
    <p class='ocr_par' dir='ltr' id='par_1_9' title="bbox 632 1925 1448 2262">
     <span class='ocr_line' id='line_1_12' title="bbox 632 1925 1447 2065; baseline 0.001 -37"><span class='ocrx_word' id='word_1_62' title='bbox 632 1925 871 2028; x_wconf 73' lang='lat' dir='ltr'><strong>Chissae</strong></span> <span class='ocrx_word' id='word_1_63' title='bbox 899 1929 1122 2065; x_wconf 72' lang='lat' dir='ltr'><strong>regiae,</strong></span> <span class='ocrx_word' id='word_1_64' title='bbox 1155 1947 1292 2026; x_wconf 83' lang='lat' dir='ltr'><strong>coloris</strong></span> <span class='ocrx_word' id='word_1_65' title='bbox 1313 1979 1333 2027; x_wconf 90' lang='lat' dir='ltr'><strong>e</strong></span> <span class='ocrx_word' id='word_1_66' title='bbox 1358 1951 1447 2029; x_wconf 87' lang='lat' dir='ltr'><strong>rufo</strong></span> 
     </span>
     <span class='ocr_line' id='line_1_13' title="bbox 731 2065 1448 2172; baseline 0.008 -32"><span class='ocrx_word' id='word_1_67' title='bbox 731 2067 844 2153; x_wconf 85' lang='lat' dir='ltr'><strong>fusci,</strong></span> <span class='ocrx_word' id='word_1_68' title='bbox 872 2065 1058 2142; x_wconf 87' lang='lat' dir='ltr'><strong>solutione</strong></span> <span class='ocrx_word' id='word_1_69' title='bbox 1081 2071 1119 2143; x_wconf 91' lang='lat' dir='ltr'><strong>in</strong></span> <span class='ocrx_word' id='word_1_70' title='bbox 1142 2097 1239 2172; x_wconf 88' lang='lat' dir='ltr'><strong>aqua</strong></span> <span class='ocrx_word' id='word_1_71' title='bbox 1256 2069 1448 2146; x_wconf 78' lang='lat' dir='ltr'><strong>turbidae</strong></span> 
     </span>
     <span class='ocr_line' id='line_1_14' title="bbox 732 2187 1073 2276; baseline 0 -14"><span class='ocrx_word' id='word_1_72' title='bbox 732 2187 956 2262; x_wconf 84' lang='lat' dir='ltr'><strong>suscescenti</strong></span> <span class='ocrx_word' id='word_1_73' title='bbox 977 2187 1073 2276; x_wconf 85' lang='lat' dir='ltr'><strong>albu,</strong></span> 
     </span>
    </p>
   </div>
   <div class='ocr_carea' id='block_1_7' title="bbox 633 2328 1483 2680">
    <p class='ocr_par' dir='ltr' id='par_1_10' title="bbox 633 2328 1483 2668">
     <span class='ocr_line' id='line_1_15' title="bbox 633 2328 1483 2470; baseline -0.002 -36"><span class='ocrx_word' id='word_1_74' title='bbox 633 2328 898 2470; x_wconf 76' lang='lat' dir='ltr'><strong>Guajacl</strong></span> <span class='ocrx_word' id='word_1_75' title='bbox 925 2329 1139 2470; x_wconf 81' lang='lat' dir='ltr'><strong>ngnl,</strong></span> <span class='ocrx_word' id='word_1_76' title='bbox 1170 2350 1483 2442; x_wconf 85' lang='lat' dir='ltr'><strong>colorissusco·¹</strong></span> 
     </span>
     <span class='ocr_line' id='line_1_16' title="bbox 638 2469 1447 2576; baseline 0.008 -32"><span class='ocrx_word' id='word_1_77' title='bbox 638 2552 640 2566; x_wconf 40' lang='grc' dir='ltr'>Ι</span> <span class='ocrx_word' id='word_1_78' title='bbox 729 2473 842 2572; x_wconf 79' lang='lat' dir='ltr'><strong>nigri,</strong></span> <span class='ocrx_word' id='word_1_79' title='bbox 866 2469 1105 2547; x_wconf 89' lang='lat' dir='ltr'><strong>solutionem</strong></span> <span class='ocrx_word' id='word_1_80' title='bbox 1124 2501 1221 2576; x_wconf 84' lang='lat' dir='ltr'><strong>aqua</strong></span> <span class='ocrx_word' id='word_1_81' title='bbox 1235 2471 1447 2576; x_wconf 87' lang='lat' dir='ltr'><strong>aliquantu-</strong></span> 
     </span>
     <span class='ocr_line' id='line_1_17' title="bbox 731 2590 1119 2680; baseline 0.005 -16"><span class='ocrx_word' id='word_1_82' title='bbox 731 2590 812 2666; x_wconf 89' lang='lat' dir='ltr'><strong>lum</strong></span> <span class='ocrx_word' id='word_1_83' title='bbox 831 2591 981 2668; x_wconf 86' lang='lat' dir='ltr'><strong>turbida</strong></span> <span class='ocrx_word' id='word_1_84' title='bbox 1001 2591 1119 2680; x_wconf 81' lang='lat' dir='ltr'><strong>fusca,</strong></span> 
     </span>
    </p>
   </div>
   <div class='ocr_carea' id='block_1_8' title="bbox 630 2695 1530 3083">
    <p class='ocr_par' dir='ltr' id='par_1_11' title="bbox 630 2695 1530 3068">
     <span class='ocr_line' id='line_1_18' title="bbox 630 2695 1448 2850; baseline 0 -17"><span class='ocrx_word' id='word_1_85' title='bbox 630 2733 1146 2850; x_wconf 79' lang='lat' dir='ltr'><strong>NUCISVOmlcae,</strong></span> <span class='ocrx_word' id='word_1_86' title='bbox 1175 2695 1448 2833; x_wconf 84' lang='lat' dir='ltr'><strong>colorisfusco·</strong></span> 
     </span>
     <span class='ocr_line' id='line_1_19' title="bbox 732 2871 1448 2975; baseline 0.008 -29"><span class='ocrx_word' id='word_1_87' title='bbox 732 2875 842 2974; x_wconf 81' lang='lat' dir='ltr'><strong>nigri,</strong></span> <span class='ocrx_word' id='word_1_88' title='bbox 872 2871 1116 2948; x_wconf 84' lang='lat' dir='ltr'><strong>solutionem</strong></span> <span class='ocrx_word' id='word_1_89' title='bbox 1135 2899 1233 2975; x_wconf 84' lang='lat' dir='ltr'><strong>aquo</strong></span> <span class='ocrx_word' id='word_1_90' title='bbox 1256 2875 1406 2951; x_wconf 85' lang='lat' dir='ltr'><strong>turbida</strong></span> <span class='ocrx_word' id='word_1_91' title='bbox 1427 2905 1448 2952; x_wconf 87' lang='lat' dir='ltr'><strong>e</strong></span> 
     </span>
     <span class='ocr_line' id='line_1_20' title="bbox 733 2989 1530 3083; baseline 0 -17"><span class='ocrx_word' id='word_1_92' title='bbox 733 2994 931 3068; x_wconf 80' lang='lat' dir='ltr'><strong>virescenti</strong></span> <span class='ocrx_word' id='word_1_93' title='bbox 954 2989 1090 3083; x_wconf 84' lang='lat' dir='ltr'><strong>albida,</strong></span> <span class='ocrx_word' id='word_1_94' title='bbox 1528 2990 1530 2998; x_wconf 73' lang='grc'>’</span> 
     </span>
    </p>
   </div>
   <div class='ocr_carea' id='block_1_9' title="bbox 629 3133 1449 3591">
    <p class='ocr_par' dir='ltr' id='par_1_12' title="bbox 629 3133 1449 3591">
     <span class='ocr_line' id='line_1_21' title="bbox 629 3133 1449 3276; baseline -0.001 -40"><span class='ocrx_word' id='word_1_95' title='bbox 629 3133 926 3273; x_wconf 69' lang='lat' dir='ltr'>QURSSIHO</span> <span class='ocrx_word' id='word_1_96' title='bbox 952 3135 1165 3276; x_wconf 79' lang='lat' dir='ltr'><strong>ngssl,</strong></span> <span class='ocrx_word' id='word_1_97' title='bbox 1190 3155 1449 3262; x_wconf 82' lang='lat' dir='ltr'><strong>colorisegri·</strong></span> 
     </span>
     <span class='ocr_line' id='line_1_22' title="bbox 732 3275 1448 3384; baseline 0.004 -32"><span class='ocrx_word' id='word_1_98' title='bbox 732 3303 795 3352; x_wconf 92' lang='lat' dir='ltr'><strong>seo</strong></span> <span class='ocrx_word' id='word_1_99' title='bbox 822 3275 937 3366; x_wconf 87' lang='lat' dir='ltr'><strong>fusci,</strong></span> <span class='ocrx_word' id='word_1_100' title='bbox 969 3275 1194 3384; x_wconf 81' lang='lat' dir='ltr'><strong>crystallulis</strong></span> <span class='ocrx_word' id='word_1_101' title='bbox 1220 3305 1328 3384; x_wconf 86' lang='lat' dir='ltr'><strong>saepe</strong></span> <span class='ocrx_word' id='word_1_102' title='bbox 1353 3283 1448 3355; x_wconf 83' lang='lat' dir='ltr'><strong>mix-</strong></span> 
     </span>
     <span class='ocr_line' id='line_1_23' title="bbox 731 3393 1448 3503; baseline 0.006 -33"><span class='ocrx_word' id='word_1_103' title='bbox 731 3409 834 3484; x_wconf 88' lang='lat' dir='ltr'><strong>tum,</strong></span> <span class='ocrx_word' id='word_1_104' title='bbox 872 3393 1105 3474; x_wconf 86' lang='lat' dir='ltr'><strong>solutione</strong></span> <span class='ocrx_word' id='word_1_105' title='bbox 1093 3426 1134 3472; x_wconf 87' lang='lat' dir='ltr'><strong>rn</strong></span> <span class='ocrx_word' id='word_1_106' title='bbox 1167 3427 1265 3503; x_wconf 84' lang='lat' dir='ltr'><strong>aqua</strong></span> <span class='ocrx_word' id='word_1_107' title='bbox 1297 3398 1448 3474; x_wconf 87' lang='lat' dir='ltr'><strong>turbida</strong></span> 
     </span>
     <span class='ocr_line' id='line_1_24' title="bbox 729 3513 894 3591; baseline 0.012 -3"><span class='ocrx_word' id='word_1_108' title='bbox 729 3513 835 3591; x_wconf 85' lang='lat' dir='ltr'><strong>fusco</strong></span> <span class='ocrx_word' id='word_1_109' title='bbox 856 3529 894 3590; x_wconf 90' lang='lat' dir='ltr'><strong>et</strong></span> 
     </span>
    </p>
   </div>
   <div class='ocr_carea' id='block_1_10' title="bbox 631 3653 1448 4027">
    <p class='ocr_par' dir='ltr' id='par_1_13' title="bbox 631 3653 1448 4027">
     <span class='ocr_line' id='line_1_25' title="bbox 631 3653 1446 3782; baseline 0.002 -24"><span class='ocrx_word' id='word_1_110' title='bbox 631 3653 889 3776; x_wconf 73' lang='lat' dir='ltr'><strong>salicis,</strong></span> <span class='ocrx_word' id='word_1_111' title='bbox 921 3675 1057 3758; x_wconf 86' lang='lat' dir='ltr'><strong>coloris</strong></span> <span class='ocrx_word' id='word_1_112' title='bbox 1075 3681 1320 3782; x_wconf 83' lang='lat' dir='ltr'><strong>fusco-nigri,</strong></span> <span class='ocrx_word' id='word_1_113' title='bbox 1344 3682 1446 3760; x_wconf 87' lang='lat' dir='ltr'><strong>solu-</strong></span> 
     </span>
     <span class='ocr_line' id='line_1_26' title="bbox 730 3799 1445 3904; baseline 0.007 -30"><span class='ocrx_word' id='word_1_114' title='bbox 730 3799 834 3875; x_wconf 88' lang='lat' dir='ltr'><strong>tione</strong></span> <span class='ocrx_word' id='word_1_115' title='bbox 863 3801 901 3872; x_wconf 90' lang='lat' dir='ltr'><strong>in</strong></span> <span class='ocrx_word' id='word_1_116' title='bbox 929 3827 1025 3904; x_wconf 89' lang='lat' dir='ltr'><strong>aqua</strong></span> <span class='ocrx_word' id='word_1_117' title='bbox 1054 3799 1333 3904; x_wconf 85' lang='lat' dir='ltr'><strong>aliquantulum</strong></span> <span class='ocrx_word' id='word_1_118' title='bbox 1366 3818 1445 3878; x_wconf 87' lang='lat' dir='ltr'><strong>tur·</strong></span> 
     </span>
     <span class='ocr_line' id='line_1_27' title="bbox 732 3919 1448 4027; baseline 0.008 -34"><span class='ocrx_word' id='word_1_119' title='bbox 732 3919 817 3994; x_wconf 85' lang='lat' dir='ltr'><strong>bida</strong></span> <span class='ocrx_word' id='word_1_120' title='bbox 840 3919 1082 4010; x_wconf 80' lang='lat' dir='ltr'><strong>rufo-fusca,</strong></span> <span class='ocrx_word' id='word_1_121' title='bbox 1111 3921 1227 3997; x_wconf 92' lang='lat' dir='ltr'><strong>odore</strong></span> <span class='ocrx_word' id='word_1_122' title='bbox 1248 3921 1448 4027; x_wconf 86' lang='lat' dir='ltr'><strong>peculiari.&#39;</strong></span> 
     </span>
    </p>
   </div>
   <div class='ocr_carea' id='block_1_11' title="bbox 1243 4161 1278 4235">
    <p class='ocr_par' dir='ltr' id='par_1_14' title="bbox 1243 4161 1278 4235">
     <span class='ocr_line' id='line_1_28' title="bbox 1243 4161 1278 4235; baseline 0 0"><span class='ocrx_word' id='word_1_123' title='bbox 1243 4161 1278 4235; x_wconf 93' lang='lat' dir='ltr'>Y</span> 
     </span>
    </p>
   </div>
   <div class='ocr_carea' id='block_1_12' title="bbox 0 0 1680 4736">
    <p class='ocr_par' dir='ltr' id='par_1_15' title="bbox 0 0 1680 4736">
     <span class='ocr_line' id='line_1_29' title="bbox 0 0 1680 4736; baseline 0 0"><span class='ocrx_word' id='word_1_124' title='bbox 0 0 1680 4736; x_wconf 95' lang='lat' dir='ltr'><strong> </strong></span> 
     </span>
    </p>
   </div>
  </div>
 </body>
</html>
