3428 4742
740 300 914 414 (10)

312 514 387 591 leli
413 526 479 590 aut
505 514 697 590 ammonio
718 509 940 616 sulphurioo
962 522 1000 587 et
1020 536 1153 614 magua
1174 511 1283 616 eopia
1301 537 1434 614 aquae.

275 665 278 672 ·
313 638 432 714 Ferro
457 663 537 711 non
562 636 674 710 nimis
700 637 748 710 sit
773 635 1007 736 inquinatus,
1036 645 1074 707 et
1100 659 1121 705 a
1142 657 1260 736 cupro
1282 633 1437 706 omniuo

311 757 428 848 liber,
456 754 561 858 quod
588 752 766 832 coeruleo
794 751 942 844 colore,
972 751 1098 830 addito
1121 750 1273 856 liquore
1295 779 1437 828 ammo-

314 881 367 953 nii
397 878 567 964 caustici,
596 901 675 952 sese
700 874 842 980 prodit.

213 1107 403 1194 Ambra
431 1107 615 1219 grisea.
681 1105 853 1190 Graues·
879 1105 1059 1190 Amber.
1116 1227 1119 1232 Ι

466 1305 715 1379 Excnmenn
757 1303 915 1376 morbosa
954 1289 1190 1402 Physeleris
1230 1321 1438 1376 nwcmoe-
1562 1339 1567 1348 ·

467 1409 591 1526 phadi
617 1411 753 1494 Linn.
773 1422 994 1527 altorumque
1016 1413 1283 1496 Ceuceornm
1311 1423 1362 1496 ad
1380 1423 1438 1495 lit·

468 1559 545 1615 toro
565 1543 696 1617 Indiae
714 1543 907 1641 ornante,
930 1547 1079 1646 Asrz'cne
1099 1559 1135 1616 et
1153 1547 1343 1620 Amentae
1363 1571 1437 1616 me·

467 1663 663 1763 rtlzbnalts,
691 1659 918 1764 tepertlando.

364 1839 500 1915 Frusta
519 1839 640 1914 variae
660 1835 943 1941 magnitudinis,
966 1863 1074 1914 cerae
1091 1836 1244 1928 duritie,
1266 1863 1313 1914 ex
1326 1838 1437 1942 nigro

316 1959 476 2045 cinerea,
509 1957 667 2035 maculis
687 1971 730 2034 et
755 1959 854 2034 striis
880 1955 974 2036 albis
999 1961 1195 2062 variegata,
1224 1985 1355 2064 opaea,
1383 1955 1437 2034 le-
1552 1943 1559 1956 ’

315 2081 394 2165 via,
424 2077 550 2154 odoris
572 2081 753 2184 pergrati,
784 2075 859 2153 leui
888 2076 1012 2154 calore
1038 2081 1156 2154 instar
1182 2106 1289 2156 cerae
1314 2077 1437 2183 lique·

315 2201 476 2288 scentia,
511 2198 683 2274 flammae
718 2200 886 2302 exposita
917 2197 1175 2301 deflagrantia,
1213 2201 1254 2272 in
1287 2197 1438 2276 aethere

315 2317 396 2394 lere
415 2331 508 2410 tota,
536 2319 577 2393 in
597 2320 733 2423 spiritu
753 2319 833 2392 vini
853 2331 1026 2424 exparte
1046 2316 1234 2394 solubilia.
1276 2317 1437 2396 Serven-
1469 2331 1473 2338 '

315 2453 381 2514 tur
405 2439 446 2513 in
467 2441 564 2516 vasis
588 2437 686 2516 bene
710 2435 859 2516 clausis.

214 2669 612 2755 Ammoniacum
640 2677 756 2782 vulgo
788 2667 996 2756 Gummi
1026 2668 1434 2756 Ammoniacum.

168 2902 173 2912 ¹
274 2801 458 2886 Gummi
475 2799 756 2887 Ammonialt.

472 2989 611 3064 Succus
636 2997 720 3062 aere
745 2987 935 3061 induratus
956 2987 1104 3087 plantae
1129 2989 1268 3086 ι’ςιιοιαε
1291 2989 1438 3090 Afteoae

468 3110 660 3183 orientales.

366 3281 693 3372 Gummi-resina,
722 3285 762 3356 in
790 3279 907 3386 glebis
933 3282 1118 3385 grunisve,
1146 3295 1254 3360 extus
1281 3311 1302 3358 e
1327 3283 1437 3362 fusco

316 3401 437 3494 flavis,
465 3404 567 3478 intus
592 3400 699 3492 albis,
728 3400 956 3506 plerumque
977 3403 1076 3478 inter
1096 3428 1135 3478 se
1156 3401 1449 3506 conglutinatis„

316 3546 447 3626 opaea,
475 3520 675 3626 splendore
698 3525 846 3628 pingui,
872 3521 1013 3626 frigore
1034 3521 1253 3599 duriuscule
1279 3523 1434 3628 fragilis,
1462 3617 1466 3626 Ι

317 3639 443 3720 calore
467 3655 598 3733 tenax,
626 3643 750 3747 digitis
776 3645 909 3746 agitata
933 3641 1173 3734 mollescens,
1202 3643 1329 3720 odoris
1355 3673 1457 3747 gra·¹

316 3763 373 3840 vis
405 3776 443 3839 et
472 3766 613 3868 saporis
651 3765 984 3841 amaro-nauseosi
1018 3763 1200 3840 subacris.
1252 3765 1309 3838 ‘Iu
1340 3793 1438 3869 aqua
1493 3789 1496 3796 ·
1552 3779 1555 3786 '

316 3885 454 3987 partim
485 3881 644 3962 solvitur
677 3881 868 3962 solutione
900 3883 1143 3974 lactescente,
1191 3887 1231 3958 in
1267 3881 1438 3963 alcohole

317 4000 363 4076 ad
384 4001 574 4080 dimidiam
594 4003 674 4082 fere
699 4019 846 4110 partem
870 4001 1060 4083 solutione
1083 4003 1332 4083 flavo-fusca.
