3352 4736
732 374 933 503 (173)

297 599 670 702 Extractum
715 600 867 706 Rhei
913 601 1345 748 compositum.

451 763 546 842 (Loco
560 763 713 824 Extracti
725 767 873 826 catholici
885 779 915 826 et
931 769 1204 850 ponchymagogi.)

214 878 273 960 R.
328 877 505 963 Extracti
524 881 627 965 Rhei
647 883 781 964 uncias
801 903 895 994 treS‚

520 1011 644 1096 Aloe's
663 1015 984 1103 unciamunam.

264 1125 359 1214 Leni
387 1139 510 1218 calore
535 1146 576 1217 in

327 1260 467 1376 Aquae
485 1236 704 1348 destillans
722 1266 935 1351 sufficiente
949 1281 1155 1379 quantitate

82 1384 86 1390 ’
214 1385 346 1466 solutis
371 1391 531 1468 admisce

213 1583 254 1654 in
330 1509 499 1626 Saponis
517 1513 680 1630 Jalapini
702 1517 865 1600 unciam
882 1546 1007 1600 unam

329 1669 501 1783 Spiritus
525 1671 622 1758 Vini
640 1671 850 1756 rectificati
869 1686 1076 1786 quantitate
1093 1684 1306 1762 sufficiente

213 1800 388 1878 solutam.
423 1803 524 1876 Tum
542 1805 582 1876 in
603 1801 739 1880 balneo
757 1807 906 1909 vaporis
925 1803 1098 1908 agitando
1117 1804 1163 1878 ad
1181 1833 1322 1884 massae
1340 1808 1440 1914 pilu·

211 1920 299 1998 laris
316 1921 594 2026 spissitudinem
610 1923 749 2024 redige.

262 2041 320 2118 Sit
345 2039 451 2117 color
477 2069 498 2116 e
522 2044 747 2144 nigrescenti
771 2041 917 2130 fuscus,
946 2037 1084 2118 solutio
1111 2045 1151 2116 in
1173 2050 1270 2146 aq'ua
1290 2048 1441 2123 turbida
1504 2139 1508 2147 Ι

211 2159 460 2238 fusco-flava.

204 2287 205 2295 ’
312 2281 424 2358 Nota.
461 2283 591 2355 Omnia
608 2299 773 2356 extracta
790 2309 900 2384 cupra
918 2287 1049 2355 evasis
1067 2301 1203 2386 recepto
1211 2285 1321 2386 plane
1333 2287 1440 2362 lz'bem

456 2407 541 2500 nm,
565 2403 664 2506 qood
668 2398 774 2504 ferro
791 2403 903 2506 polito
921 2403 1089 2476 soluatur·
1103 2409 1270 2504 interesse,
1291 2433 1440 2508 cuprum

452 2527 720 2624 proecrpr'toate,
749 2523 933 2622 detegatur.

416 2697 516 2801 Fel
556 2699 748 2802 Tauri
796 2699 1227 2842 inspissatum.

269 2876 342 2961 Fel
362 2875 484 2960 Tauri
503 2913 632 2962 recens
651 2889 690 2961 iu
709 2885 845 2961 balneo
859 2887 1007 2990 vaporis
1021 2885 1067 2958 ad
1081 2889 1239 2961 extracti
1251 2883 1439 2962 Absinthii

211 3006 487 3111 spissitudinem
501 3021 690 3114 evaporet.
721 3007 901 3084 Servetur
914 3005 999 3082 loco
1017 3002 1154 3106 frigido
1175 3005 1215 3079 in
1228 3009 1323 3082 vasis
1342 3005 1440 3108 hene

212 3123 344 3202 clausis
364 3152 412 3200 ne
434 3143 712 3232 corrumpatur.

261 3245 319 3323 Sit
332 3244 469 3322 coloris
482 3273 503 3322 e
517 3247 741 3336 suscescenti
756 3245 896 3336 viridis,
920 3249 960 3319 in
974 3273 1072 3348 aqua
1086 3242 1274 3322 solutione
1286 3243 1439 3351 limpida

210 3368 410 3460 virescenti
435 3363 608 3456 solubile,
638 3393 759 3470 cupro
786 3392 864 3440 non
891 3367 1146 3468 inquinatum,
1175 3355 1439 3468 quotl'codem

209 3483 322 3560 modo
348 3485 454 3558 utin
480 3487 653 3560 extractis
677 3483 909 3588 exploratur.

209 3663 469 3765 Ferrum
521 3664 938 3768 muriaticam
991 3657 1451 3804 oxydulatum.-

399 3823 570 3922 (Ferrum
595 3830 830 3898 nturioticum.
874 3824 1082 3900 Chloretum
1108 3824 1247 3922 Ferri.)

143 3959 147 3966 ’
210 3961 266 4044 R.
320 3959 430 4044 Ferri
451 3971 491 4044 in
512 3967 684 4046 frustulis
704 3961 890 4072 quantum
910 3971 978 4044 vis.

257 4091 423 4168 Immitte
447 4094 489 4165 in
514 4089 751 4166 cucurbitam
772 4093 858 4166 satis
878 4087 1041 4192 amplam
1062 4102 1101 4165 et
1120 4087 1212 4165 adde
