3352 4736
731 324 996 440 (172).

207 539 297 616 .leni
312 537 436 617 calore
450 538 495 614 ed
508 537 628 614 mellis
642 540 801 614 recentis
814 537 1093 642 spissitudinem
1105 539 1244 642 redige.
1286 539 1333 614 In
1352 541 1447 618 rasis
1463 607 1468 616 .

219 661 319 736 bene
333 659 516 737 obturatis
529 658 616 737 loco
630 672 834 762 temperato
848 685 976 735 server

273 779 331 856 Sit
351 809 372 854 e
392 781 623 882 nigrescente
644 777 810 868 fuscum,
840 806 930 854 eum
953 806 1050 882 equa
1071 775 1299 855 solutionem
1322 777 1447 884 limpi-

222 899 308 974 dam
331 899 478 976 fuscam
503 901 699 1006 praebens,
737 901 878 1004 saporis
906 897 1039 988 dulcis,
1076 897 1202 975 odoris
1229 901 1352 975 suavis
1377 926 1447 976 nee

221 1019 332 1096 scidi.

272 1173 414 1251 Eodem
435 1173 549 1250 modo
569 1187 723 1278 paretur
741 1187 778 1249 et
798 1187 986 1250 servetur:

222 1317 574 1418 Extractum
598 1317 879 1418 Taraxaei
910 1309 1239 1460 liquidum,
1274 1339 1448 1438 (Mellago

735 1461 949 1560 Toronen),
973 1457 1078 1561 quod
1097 1459 1145 1535 sit
1164 1457 1318 1533 fuscum
1338 1471 1375 1533 et
1395 1483 1450 1534 so-

700 1587 705 1596 “
730 1575 915 1656 lutionem
934 1581 974 1651 in
987 1605 1084 1680 nque
1098 1575 1291 1681 limpidam
1303 1575 1448 1654 fuscam

730 1697 926 1800 praebeat,
956 1698 1092 1800 (quem
1118 1701 1159 1770 in
1186 1695 1301 1771 finem
1327 1711 1448 1773 extra-

731 1828 855 1904 ctum,
894 1818 925 1890 si
954 1841 1104 1892 neeesse
1136 1815 1273 1906 suerit,
1311 1819 1449 1892 iterum

731 1933 827 2010 solvi
848 1947 886 2010 et
912 1937 1101 2039 inspissari
1128 1934 1279 2036 debet),
1307 1938 1448 2041 saporis

730 2057 964 2130 amaricantis
987 2081 1057 2131 nec
1077 2057 1187 2131 acidi.

236 2247 255 2260 ·¹
324 2213 436 2288 Nota.
465 2216 648 2288 Extractus
675 2211 740 2284 hoe
761 2213 865 2316 modo
881 2227 1095 2312 prosporum
1118 2239 1189 2284 non
1209 2217 1280 2284 ursi
1297 2229 1448 2312 tempore

468 2333 612 2405 vernali
626 2357 670 2403 oe
692 2337 823 2404 aesu'ro
843 2336 978 2433 requiri
990 2349 1151 2434 possunt.
1197 2333 1370 2432 Tempore
1387 2331 1449 2430 ty·
1495 2319 1499 2326 ¹

468 2454 574 2524 berno
593 2477 680 2536 vem
696 2467 871 2550 parentur
882 2455 939 2522 uti
951 2468 1152 2524 extractum
1165 2451 1357 2549 Abstutlu'i,
1385 2451 1451 2524 sed

470 2571 622 2673 liquores
642 2571 817 2671 infusione
835 2571 967 2642 obtenti
981 2569 1033 2642 od
1048 2571 1161 2645 mellis
1178 2575 1325 2647 recentis
1337 2563 1449 2672 spissi·

470 2691 627 2763 tudinem
649 2707 784 2764 tontum
804 2689 1021 2788 redigantur.

216 3042 219 3048 ’
279 3072 678 3173 -Extracturn
727 3065 1063 3211 Juglandis
1106 3077 1368 3175 Nucum.

274 3283 514 3371 ENucibus
531 3283 742 3402 Juglandis
760 3289 998 3398 immaturiS,
1030 3298 1070 3370 in
1097 3297 1278 3372 mortario
1302 3293 1449 3399 lapideo

225 3444 314 3494 oum
343 3401 517 3520 pauxillo
540 3405 680 3520 Aquae
707 3407 934 3490 communis
961 3417 1140 3504 contusis,
1171 3417 1339 3520 exprime
1363 3440 1447 3490 sue·

226 3565 327 3626 cum,
357 3562 472 3638 quem
494 3533 660 3611 colatum
679 3538 718 3610 in
736 3533 873 3610 balneo
886 3539 1035 3638 vaporis
1058 3534 1103 3609 ad
1123 3561 1262 3612 massae
1280 3531 1449 3638 piluleris

225 3655 504 3759 spissitudinem
523 3653 661 3756 redige.
689 3655 792 3729 Bene
809 3669 991 3730 serretur.

276 3773 335 3850 Sit
360 3777 529 3875 nigrum,
567 3771 784 3877 splendens,
823 3771 962 3850 solutio
987 3777 1029 3848 in
1054 3801 1152 3876 aqua
1176 3771 1326 3851 turbida
1348 3799 1370 3848 e
1390 3775 1448 3848 ni·

227 3896 404 3995 grescenti
428 3893 546 3969 fusca.
