3428 4742
684 331 945 450 ,(161

344 544 688 650 siliscabriusculo
713 543 853 650 fragili,
882 546 1096 650 saporisex
1118 546 1194 622 aori
1218 547 1465 638 amaricantis,
1490 626 1494 632 ,

344 668 468 772 digitis
489 667 688 745 confricati
711 664 1023 744 sternutationem
1044 683 1251 744 moventes.
1295 667 1353 743 Ne
1377 663 1467 746 con·

319 789 555 865 ,fundantur
581 814 671 864 cum
695 787 856 864 floribus
876 787 1009 863 Inulae
1032 787 1278 864 brittannicae
1299 815 1468 890 quorum

344 907 482 1014 ligulae
508 910 776 1013 angustiores..
810 902 1021 1011 Colligendi
1048 935 1178 986 recens
1202 905 1359 985 evoluti.

243 1183 440 1268 Arnicas
467 1179 642 1267 Herba.
702 1177 944 1265 Falltmat.
1010 1179 1311 1264 Walter-leit.

394 1390 500 1470 Folia
521 1389 698 1494 oblonga,
725 1393 766 1465 in
784 1388 969 1496 petiolum
987 1405 1191 1483 attenuata,
1215 1389 1464 1482 acutiuscula,

342 1511 591 1618 triplinervia‚
615 1513 864 1615 integerrima,
885 1515 1001 1615 magis
1020 1515 1192 1590 minusve
1204 1512 1463 1616 pubescentia,

343 1633 471 1711 colore
501 1630 639 1738 pallide
667 1635 893 1722 virescente,
940 1635 1080 1736 saporis
1111 1632 1278 1711 subacris
1308 1646 1345 1709 et
1376 1631 1465 1708 sub·
1499 1649 1501 1654 '

344 1755 473 1830 amari.
508 1749 748 1856 'Colligenda
773 1779 901 1829 mense
926 1751 1045 1829 Maio.

241 1991 432 2110 Arnisa.
465 2021 634 2110 Radix.
700 2023 1158 2111 Wolaloerleiltwurzel.

393 2233 516 2310 Radix
535 2233 733 2336 (rbizoma)
749 2234 933 2324 flexuosa,
955 2247 1063 2310 extus
1076 2233 1196 2321 fusca,
1212 2232 1465 2335 longitudinae

341 2353 429 2430 liter
447 2353 599 2458 rugosa,
622 2357 762 2432 cortice
781 2353 905 2441 fuson,
925 2351 1028 2455 ligno
1043 2351 1278 2442 duriusculo,
1299 2351 1462 2444 albente,

341 2473 508 2551 medulla
533 2473 687 2579 majore,
717 2473 830 2554 fibras
857 2499 887 2549 s.
909 2472 1094 2550 radiculas
1118 2471 1247 2576 longas
1271 2473 1400 2550 densas
1424 2478 1465 2550 in

342 2593 461 2672 altero
492 2593 608 2671 latere
639 2595 829 2682 emittens,
866 2593 1063 2670 subamara
1094 2607 1132 2669 et
1163 2595 1345 2683 subacris,
1381 2622 1464 2672 aro·

343 2717 490 2792 matius.
546 2713 765 2819 Colligendn
789 2742 890 2790 vere.
1188 2721 1194 2734 '

240 2947 548 3034 Arsenicum
573 2944 755 3030 album.
792 2945 983 3030 Aeolum
1005 2955 1304 3030 arseniaosum.
1342 2949 1465 3030 Wei·
1601 3045 1605 3054 Ι

279 3069 386 3192 ster
411 3075 611 3164 Arsenik.

494 3269 742 3368 Praeponatur
772 3269 810 3339 in
845 3263 994 3368 ffoirus
1028 3265 1232 3338 metodorus
1266 3291 1288 3337 e
1324 3267 1464 3338 mr'rrerrs

467 3389 657 3483 1111111111)
689 3385 818 3459 cobatti
838 3403 874 3458 et
898 3387 991 3484 altis,
1020 3387 1275 3461 sublimatione.

392 3557 657 3664 Compactum,
686 3557 955 3662 ponderosum,
984 3557 1126 3649 album,
1155 3586 1285 3634 recens
1312 3557 1463 3663 subpel-

341 3677 528 3770 lucidum,
552 3695 721 3784 tempore
741 3707 918 3784 opacum,
942 3683 981 3756 in
998 3707 1095 3783 aqua
1116 3677 1261 3755 difficile
1284 3677 1460 3767 solubile,

341 3797 540 3876 emetallo
566 3803 723 3905 proprio
750 3813 787 3876 et
814 3803 1001 3906 oxygonio
1033 3813 1218 3876 constans.
1273 3801 1463 3877 Pernicio-

343 3921 533 3996 sissimum
554 3947 758 3998 venenum.
812 3917 938 4026 Super
962 3921 1094 4026 prunis
1120 3919 1191 3996 sub
1218 3917 1342 3996 forma
1364 3919 1463 3996 fumi
