3352 4736
749 221 985 448 tut)

320 548 439 625 Mixto
463 545 561 620 bene
587 569 705 619 serva.

304 669 363 744 =P.
380 691 480 772 spec.
497 669 601 742 sit:
614 665 924 754 o‚895-0‚905.

371 804 483 880 Nota.
512 805 662 906 Spirt'tru
679 805 773 880 Vini
787 826 907 874 omnes
929 803 999 872 tritt
1017 797 1156 898 ltinprdi
1170 814 1207 870 et
1225 797 1350 870 coloris
1368 825 1412 870 ac
1432 799 1503 872 otei

513 924 673 996 aetherei
690 921 939 1020 graveolentis,
966 918 1167 992 Fuseldl
1192 919 1291 1014 dicu,
1316 933 1496 1018 exportet,

515 1043 613 1144 quod
636 1067 708 1114 non
729 1044 845 1114 meiius
865 1039 912 1112 de
933 1042 1091 1112 oneratus
1111 1041 1347 1138 praeparati,
1372 1039 1499 1139 qw'bus

514 1166 658 1261 spiritus
678 1164 760 1232 urici
777 1158 979 1253 adhibetur,
1008 1157 1219 1268 notandum.

567 1375 880 1520 Spongiae
928 1397 1194 1477 ceratae.

326 1579 525 1692 Spongiae
537 1581 710 1662 marinae
723 1601 869 1674 tenues,
882 1585 1085 1670 mundatae
1098 1600 1135 1662 et
1144 1589 1361 1674 exsiccatae,
1376 1585 1497 1690 probe

268 1709 539 1812 immergantur
560 1696 682 1783 Cerae
696 1697 820 1779 flavae
838 1703 1076 1808 liquefactae,
1095 1703 1201 1810 prelo
1214 1703 1365 1780 fortiter
1379 1707 1497 1810 expri-

268 1844 432 1916 mantur,
455 1842 506 1917 et,
530 1827 598 1902 ubi
617 1826 847 1914 refrixerint,
869 1853 890 1896 a
904 1852 989 1900 cera
1005 1823 1198 1929 superflua
1211 1823 1455 1900 mundentur.

503 2045 811 2190 Spongiae
854 2079 1260 2188 compressae.

327 2246 521 2360 Spongias
544 2250 712 2330 marinas
736 2255 883 2343 electas,
902 2255 1152 2333 foraminibus
1163 2259 1288 2361 parvis
1300 2237 1494 2360 peruiam

193 2410 198 2425 .
267 2377 436 2478 partibus
456 2375 713 2477 heterogeneis
732 2373 926 2464 liberatas,
941 2379 979 2448 in
994 2375 1157 2450 frustula
1173 2373 1335 2477 oblongo
1352 2375 1491 2466 scinde,

267 2521 365 2596 aqua
378 2493 519 2569 fervida
534 2493 723 2582 humecta,
753 2505 791 2568 et
804 2491 987 2570 funiculis
1005 2493 1118 2569 dense
1131 2508 1169 2570 et
1181 2495 1330 2570 fortiter
1341 2497 1392 2570 ita
1405 2519 1493 2571 con·

266 2615 419 2714 stringe,
440 2630 484 2688 nt
501 2613 691 2715 esingulis
710 2610 882 2690 frustulis
898 2610 1058 2718 cylindri
1072 2611 1289 2690 formentur
1301 2613 1407 2716 digiti
1421 2615 1493 2690 cir·

267 2731 361 2806 citer
380 2729 631 2836 longitudine,
659 2733 727 2834 qui
748 2733 938 2808 constricti
959 2748 1168 2807 serventur.

522 2935 837 3052 Stannum
890 2972 1232 3094 raspatum.

325 3147 526 3236 stannum
553 3159 738 3265 rupendo
768 3165 809 3236 in
834 3161 987 3238 scobem
1011 3161 1299 3265 grossiusculnrn
1325 3163 1463 3266 redige.

410 3395 689 3503 Stibium
726 3399 1074 3547 orydatum
1108 3399 1339 3508 album.

262 3569 521 3667 (Anouomum
546 3570 823 3670 duplwrctzhum
849 3573 1023 3646 ablutum.
1070 3573 1225 3649 Aridum
1250 3573 1429 3646 settim
1455 3591 1492 3646 et

782 3692 974 3790 stt'br'cumz)

262 3841 320 3924 R.
378 3839 500 3926 stibii
524 3841 673 3926 venalis
697 3863 852 3956 partem
871 3873 1011 3954 unum,

374 3967 469 4053 Kali
492 3973 627 4056 nitrici
651 3969 833 4088 depurati
855 3993 985 4088 partes
1012 3971 1110 4060 duas
1130 4005 1225 4060 cum
1249 3973 1485 4092 quadrante.
