3372 4722
790 324 952 436 (n)
1089 255 1091 258 '

258 541 388 624 tiones
419 541 531 626 etin
559 558 766 654 posterum
795 536 910 622 facile
938 537 1079 622 locum
1105 535 1337 652 habebunt,
1375 541 1487 652 jussu

259 674 423 787 Illius,
454 677 521 760 cui
542 705 699 760 summa
729 672 782 759 de
809 705 851 758 re
874 671 1032 758 medica
1056 703 1150 758 cura
1176 671 1321 758 tradita
1343 695 1418 760 est.

373 808 630 898 Manendum
667 841 854 928 quoque,
893 807 1187 898 medicamenta
1210 811 1253 894 in
1280 807 1396 895 Parte
1423 841 1487 895 se-

228 975 235 988 ·
260 943 393 1030 cunda
419 944 594 1029 indicata
621 977 707 1030 non
733 945 852 1061 plane
880 943 1118 1061 negligenda
1142 951 1225 1031 esse
1250 947 1293 1030 in
1319 947 1486 1050 revisio·

258 1080 379 1166 nibus
407 1083 464 1165 sic
496 1078 615 1166 dictis
651 1079 907 1166 officinarum
941 1083 1375 1194 pharmaceuticamm,
1414 1079 1487 1166 sed

117 1227 120 1234 '
259 1209 457 1332 quaedam
479 1247 641 1329 eorum,
670 1247 772 1332 quae
795 1217 998 1332 prostant',
1030 1213 1212 1334 eligenda
1235 1237 1277 1302 et
1300 1237 1485 1304 accumto

258 1353 431 1438 examini
456 1349 722 1466 subjicienda.
826 1380 834 1394 “
1391 1356 1394 1365 “
1443 1459 1447 1468 ι

371 1487 497 1575 Doses
511 1485 899 1574 medicamentorum
918 1488 970 1574 ad
991 1487 1118 1574 finem
1135 1491 1264 1608 operis
1281 1490 1416 1602 rejeci,
1437 1507 1483 1572 ut

257 1621 402 1708 melius
423 1626 735 1740 conspiciantur.
794 1623 840 1713 Si
860 1623 1047 1712 Medicus
1072 1627 1267 1738 majorem
1285 1654 1360 1739 pro
1390 1652 1481 1736 usu,

257 1760 434 1874 interne,
467 1762 529 1844 uti
556 1762 686 1874 ajunt,
701 1761 944 1876 'praescribit
970 1759 1103 1872 dosin,
1135 1761 1311 1870 signum!
1338 1755 1485 1842 addere

258 1893 397 2008 debet,
419 1895 452 1977 si
465 1893 696 2010 neglexerit,
720 1895 1076 2012 Pharmacopolam
1090 1875 1306 1980 formulam
1318 1891 1484 1983 Medico

257 2031 460 2114 remittere
480 2051 656 2144 oportet,
675 2052 723 2123 ut
741 2034 809 2116 hic
826 2029 878 2115 de
901 2033 984 2146 ipsa
1002 2034 1253 2148 pronuntiet.
1302 2027 1483 2118 Medica-

197 2264 202 2272 ·
257 2185 396 2250 menta
418 2195 585 2282 quoque
612 2167 694 2251 hoc
721 2165 815 2253 loco
842 2165 1016 2254 indicata
1042 2187 1153 2283 sunt,
1176 2197 1278 2282 quae
1297 2163 1483 2256 Medicus

258 2329 355 2388 cum
382 2300 467 2386 aliis'
500 2331 585 2384 non
616 2303 834 2416 conjuncta
862 2332 938 2386 nec
966 2303 1028 2386 his
1052 2323 1269 2418 temperata
1300 2332 1375 2416 pro
1407 2330 1482 2386 usn

242 2438 418 2521 ·int'emo
446 2423 531 2518 non
558 2437 822 2550 praescribat,
853 2439 928 2520 nisi
956 2439 1132 2553 signum!
1160 2433 1377 2522 addiderit.
1464 2507 1467 2514 .

373 2569 626 2658 Characteres
647 2569 1037 2656 medicamentorum
1061 2579 1129 2656 eos
1152 2593 1313 2657 tantum
1334 2569 1482 2690 adjun-

258 2711 406 2820 ximus,
438 2708 570 2826 quiin
588 2687 1130 2793 revisionibus'otficinarum
1146 2710 1281 2793 statim
1300 2705 1482 2824 dignosci

258 2865 466 2962 poterunt.
514 2839 681 2928 Pondus
704 2841 940 2958 specificum
967 2872 1064 2928 vero
1087 2845 1131 2928 in
1155 2843 1299 2929 oleosis
1316 2843 1482 2960 aliisque

251 2983 395 3065 minus
421 2977 535 3062 iacile
561 2979 809 3094 exploratur,
843 2981 886 3062 in
913 2979 975 3062 his
1000 2979 1136 3096 itaque
1160 2977 1306 3094 negligi
1329 2999 1478 3096 potest.

167 3133 171 3144 “
255 3113 367 3230 'Hinc
394 3111 542 3198 desunt
571 3115 614 3195 in
642 3113 778 3198 tabula
805 3137 959 3235 quarta.

374 3246 634 3335 Monendum
656 3247 835 3362 tandem,
864 3253 897 3332 si
916 3247 1258 3338 medicamentum
1277 3269 1361 3335 tam
1377 3251 1482 3334 inter

259 3405 559 3496 earecensetur,
578 3416 679 3500 quae
694 3387 825 3468 coe'rni
838 3409 1023 3500 possunt,
1045 3419 1168 3504 quam
1181 3388 1358 3500 interea,
1380 3415 1481 3501 qaue

258 3519 568 3636 pharmacopola
591 3521 675 3633 ipse
700 3550 832 3633 parare
862 3519 1006 3632 debet,
1047 3553 1131 3606 non
1157 3551 1259 3638 opus
1287 3551 1395 3634 esse,
1434 3539 1482 3604 ut

258 3677 479 3774 utrumque
515 3660 692 3770 prostet',
732 3654 804 3738 sed
840 3657 1077 3742 altemtrum
1111 3679 1285 3744 tantum.
1352 3655 1481 3745 Miror

259 3793 366 3874 viros
391 3791 539 3908 peritos
566 3793 642 3878 hac
671 3787 722 3877 de
749 3777 790 3875 re
819 3789 1036 3880 dubitasse.

1148 3954 1214 4053 Η.
1238 3949 1294 4052 F.
1320 3941 1475 4048 Link.
