3428 4742
754 333 928 454 (28)

384 545 524 626 Cortex
549 527 720 624 internus
752 543 891 637 durus,
926 549 1044 651 magis
1070 549 1246 626 minusve
1273 546 1460 626 convolu-

335 681 409 758 tus,
438 681 546 745 extus
573 681 610 745 et
635 670 737 744 intus
760 696 780 744 e
800 667 899 744 ssavo
926 681 992 744 aut
1019 667 1252 746 luscescente
1275 668 1457 761 albicans,

334 791 430 865 striis
455 815 564 893 saepe
591 791 808 866 transversis
833 787 1140 878 rubescentibus,
1177 789 1376 896 superficie
1401 789 1460 866 in·

334 924 440 994 terna
472 907 575 1000 alba,
610 907 776 985 fractura
809 907 1018 1014 aequabili,
1054 909 1100 985 ad
1127 907 1267 986 lineam
1298 937 1458 1005 crassus,

333 1030 475 1133 saporis
500 1031 692 1106 aromatici
719 1031 828 1122 acris,
857 1029 983 1108 odoris
1008 1057 1145 1135 parum
1170 1029 1379 1135 fragrantis.

232 1253 514 1342 Cannabis.
547 1255 749 1344 Semen.
808 1253 1097 1374 Hansmmen.

290 1443 505 1527 Cannabis
540 1451 690 1526 sativa.
726 1441 860 1527 Lina.
927 1455 1066 1531 Planta
1098 1479 1222 1528 annua
1255 1455 1454 1554 orandis,

288 1578 326 1648 in
350 1575 503 1675 Eumpa
528 1575 591 1647 cul
628 1628 638 1648 .

384 1745 535 1824 Semina
560 1745 806 1850 subglobosa,
835 1745 970 1840 laevia,
999 1744 1128 1826 colore
1148 1745 1295 1837 albida,
1324 1772 1457 1854 sapore

334 1863 759 1994 oleoso-mucilagineo.

233 2091 600 2183 Cantharides.
660 2095 890 2214 Spanische
919 2097 1115 2216 Fliegen.

289 2281 435 2366 Meloe·
468 2290 736 2367 vesicatorius
771 2281 907 2369 Linn.
949 2319 1015 2368 seu
1051 2280 1180 2396 Lycia
1216 2291 1459 2368 vesicaton'a

289 2403 496 2487 Fabricii.
540 2417 724 2490 Insertum
750 2419 787 2490 in
806 2416 959 2517 Eumpa
985 2415 1102 2488 medaii
1127 2429 1164 2487 et
1186 2415 1340 2489 australi
1360 2443 1460 2517 repe-

291 2535 472 2609 trundum.

383 2709 529 2784 insecta
548 2703 774 2812 coleoptera,
796 2705 965 2786 6-81in.
986 2705 1113 2814 longa,
1134 2705 1263 2788 colore
1281 2736 1327 2787 ex
1346 2707 1460 2786 viridi

334 2854 464 2918 aureo,
482 2825 735 2932 splendentia,
759 2822 929 2906 antennis
948 2831 1064 2932 nigris
1085 2827 1342 2921 filifonmtua,
1371 2828 1461 2908 odo·
1581 2823 1587 2828 ⁵

335 2951 387 3026 ris
406 2949 555 3052 ingrati,
584 2949 771 3053 principio
797 2951 874 3025 acri
898 2947 1077 3054 praedita.
1130 2949 1261 3029 Mense
1285 2951 1398 3028 Iunio
1423 2963 1461 3028 et

333 3067 449 3160 Iulio,
479 3068 571 3144 dum
595 3067 801 3154 fraxinum,
831 3071 1018 3175 syringam
1044 3083 1083 3154 et
1103 3067 1305 3174 ligustrum
1330 3095 1460 3176 grega-

335 3191 405 3266 tim
430 3189 648 3294 depascunt,
677 3183 803 3292 colligi
829 3202 1002 3293 possunt.
1043 3187 1162 3266 Caute
1184 3203 1394 3268 serventur.

385 3311 512 3385 Dosis:
535 3309 588 3384 acl
608 3312 772 3386 Granum
797 3309 993 3386 diutinam.

234 3568 514 3687 Capsicum
546 3601 773 3656 annuum
805 3607 873 3660 seu
908 3569 1063 3686 Piper
1094 3571 1456 3687 Hispanicum.

348 3700 590 3788 Fructus.
650 3703 904 3820 Spanischer
929 3701 1113 3822 Pseſjer.

292 3901 516 4016 Capsr'cum
543 3931 740 3986 annuum
773 3899 908 3985 Linn.
960 3911 1098 3986 Planta
1123 3938 1246 3986 annua
1271 3911 1460 3987 Amerr'cae

292 4033 473 4133 australis,
500 4035 602 4135 apud
624 4061 689 4109 nos
713 4037 750 4107 in
776 4032 886 4107 horus
909 4033 1019 4108 culta.
