3392 4742
775 369 794 478 (
837 365 919 453 146
959 369 977 480 )

379 517 519 693 Aquae
541 575 760 661 destillatae
795 587 974 664 ferventis
996 577 1115 662 libras
1139 575 1374 665 duodecim.

308 729 360 830 *In
375 753 459 803 vase
473 727 600 804 clauso
619 727 757 831 digere,
781 753 890 832 saepe
907 727 1094 830 agitando,
1121 753 1190 831 per
1202 725 1348 831 aliquot
1362 728 1487 808 horas.

263 847 486 925 Tum'filtra
506 863 543 925 et
562 847 713 925 residuo
734 847 928 923 reaffunde
1383 843 1388 854 '

294 1081 296 1088 ¹
377 989 518 1103 Aquae
539 985 758 1072 destillatae
780 995 960 1072 ferventis
990 984 1109 1069 libras
1130 1007 1303 1100 quatuor

262 1139 402 1212 iterum
422 1136 624 1238 digerendo
645 1149 690 1210 ut
714 1133 866 1210 barium
890 1131 1159 1236 sulphuratum
1178 1133 1289 1238 plane
1307 1133 1487 1213 solvatur.

258 1257 424 1359 Liquori
448 1271 535 1360 post
559 1254 882 1356 refrigerationem
907 1251 1007 1329 filtro
1033 1267 1222 1358 separato,
1252 1283 1340 1332 cum
1364 1261 1489 1360 primo

262 1379 397 1465 mixto,
427 1389 536 1452 caute
554 1372 692 1450 instilla
737 1465 743 1486 Ι

377 1512 556 1599 Acidum
578 1513 849 1622 muriaticam,

262 1661 530 1767 quamdiugas
557 1659 951 1768 hydrosulphuratum
973 1663 1192 1738 extricetur.
1232 1663 1334 1738 Tum
1360 1661 1489 1742 celeri·

261 1797 320 1860 ter
346 1781 444 1860 filtra
471 1797 509 1858 et
534 1783 627 1858 adde

291 2035 295 2050 Ι
376 1921 596 2038 Liquorem
629 1922 840 2006 Ammouii
865 1921 1045 2031 caustici,

262 2071 444 2176 quamdiu
466 2072 752 2176 praecipitatum
764 2071 851 2146 inde
864 2069 1043 2146 efficitur.
1071 2067 1487 2171 Liquoremdenuofil-

262 2205 402 2267 tratum
415 2189 496 2294 lege
510 2195 598 2267 artis
613 2195 652 2266 in
666 2189 860 2296 crystallus
879 2189 1018 2292 redige,
1041 2213 1135 2292 quas
1153 2192 1319 2278 siccatas,
1343 2189 1488 2294 rejectis

224 2351 236 2362 -
262 2311 334 2386 sub
356 2311 469 2396 linem
488 2309 804 2417 crystallisationis
825 2313 977 2400 exortis,
1006 2335 1125 2386 serva.

312 2429 398 2506 Sint
423 2429 623 2520 tabulares,
653 2427 770 2508 siccae
789 2457 861 2506 nec
881 2433 920 2504 in
941 2437 1026 2504 ae're
1046 2429 1320 2519 humescentes,
1351 2427 1487 2508 coloris

262 2550 423 2640 candidi,
451 2551 498 2626 ab
525 2553 817 2654 inquinamentis
843 2547 1037 2626 metallicis
1063 2549 1174 2653 plane
1199 2549 1351 2640 liberae,
1383 2551 1488 2654 quod

144 2673 147 2690 '
260 2697 358 2773 aqua
371 2669 730 2777 hydrosulphurata‚
754 2685 791 2746 et
808 2669 956 2774 liquore
970 2669 1163 2746 Ammonii
1183 2673 1335 2748 caustici
1356 2669 1486 2776 explo-

238 2804 380 2867 ¹ratur.
423 2793 597 2868 Immixta
621 2793 824 2867 strontiana
855 2793 1053 2865 muriatica
1079 2788 1268 2865 solutione
1292 2794 1332 2864 in
1354 2791 1486 2896 spiritu

258 2913 339 2985 vini
364 2911 671 2989 rectificatiasimo
701 2929 738 2987 et
769 2913 888 3016 ipsius
918 2909 1184 3012 deflagratione
1209 2907 1337 2986 colore
1367 2910 1486 2986 rubro

261 3035 513 3133 cognoscitur.

121 3371 127 3384 .
260 3277 639 3384 Bismuthum
673 3281 968 3384 uitricum
1000 3281 1476 3426 praecipitatum.

383 3451 651 3550 (Magisterium
668 3451 863 3527 Bismutlu'.
904 3451 1088 3526 Subuttras
1102 3449 1360 3551 lustrabatur.)

261 3631 319 3714 R.
374 3629 574 3716 Bismuthi
602 3639 687 3743 puri
714 3633 851 3715 uncias
870 3629 983 3740 duas,

376 3757 496 3846 Acidi
519 3761 653 3844 uitrici
685 3784 871 3873 quantum
900 3773 985 3846 satis

262 3907 310 3985 ad
336 3882 571 3986 solvendum.
627 3905 866 3987 Solutionem
993 3903 999 3920 ¹

377 4047 515 4163 Aquae
538 4045 758 4132 destillatae
778 4043 946 4132 dimidia
966 4069 1075 4162 parte
