3428 4742
780 369 800 480 (
839 365 868 456 4
907 365 926 482 )

241 578 478 665 Acetum.
538 577 708 698 lt'aaig.¹

497 771 660 844 Paratur
683 772 721 842 in
746 765 895 871 offict'rtic
916 774 1067 872 pmpu'ic
1091 797 1112 844 e
1136 774 1248 846 varta
1272 771 1485 876 liquoribusv
1580 804 1582 814 ·

494 893 643 989 arboris,
663 889 944 992 'scamtentatr'one
968 891 1086 966 ocrila.

272 1125 281 1134 .
394 1044 544 1165 Liquor
565 1061 708 1152 acidus,
735 1039 951 1154 flavescens,
981 1043 1097 1140 odore
1111 1045 1286 1168 proprio,
1314 1063 1465 1142 acidum

342 1185 528 1258 aceticum
554 1185 760 1285 continens*
774 1208 845 1261 nec
870 1209 950 1258 non
976 1181 1063 1259 alias
1091 1183 1261 1258 materiae
1289 1210 1337 1258 ex
1367 1207 1464 1287 aqua
1503 1203 1509 1212 ’

341 1315 380 1377 et
395 1291 679 1406 vegetabilibue,
702 1304 742 1376 in
755 1289 1037 1409 praepaiatione
1054 1300 1243 1392 adhibitis,
1268 1303 1467 1381 oriundas,

342 1420 403 1498 Sit
434 1435 556 1498 tantae
589 1419 789 1510 aciditatic,
830 1435 876 1498 ut
907 1425 1042 1498 unciae
1074 1422 1171 1498 duae
1203 1423 1386 1499 sufficiant
1416 1421 1464 1497 ad

340 1540 418 1628 lali
457 1541 649 1652 carbonici
684 1539 901 1618 drachmam
933 1540 1101 1646 perfecte
1133 1539 1460 1618 neutralisandam.

340 1659 577 1737 Adulteratio
607 1659 714 1737 acido
746 1657 968 1765 sulphurico
998 1661 1183 1765 producta
1213 1662 1328 1736 nimia
1356 1687 1463 1766 pnoe-

341 1783 559 1888 cipitatione
587 1781 744 1886 barytae
771 1781 928 1856 nitricae
954 1779 1207 1883 dignoscitur,
1244 1793 1329 1856 tum
1353 1807 1464 1857 accu-

340 1903 471 1990 ratius,
501 1904 531 1976 si
557 1915 720 1990 acetum,
749 1901 1013 2003 evaporatione
1039 1899 1085 1975 ad
1110 1897 1231 1975 mellis
1257 1904 1464 1977 consisten-

342 2024 434 2096 tiam
465 2021 672 2108 redactum,
702 2018 940 2096 destillationi
973 2019 1173 2124 subjicitur
1204 2033 1241 2096 et
1272 2019 1376 2126 quod
1400 2005 1464 2097 de·

340 2137 493 2218 stillavit
528 2167 618 2216 cum
649 2166 748 2245 aqua
780 2137 1126 2244 hydrosulpburata
1159 2143 1359 2230 miscetur,
1394 2139 1464 2215 ubi

342 2259 509 2337 turbatio
537 2259 687 2336 acidum
714 2257 988 2364 sulphurosum
1009 2259 1175 2334 indicans
1194 2257 1288 2335 acidi
1310 2257 1465 2365 oulpbu·

303 2401 310 2418 ³
339 2383 409 2457 rici
444 2371 611 2482 vestigia
629 2377 769 2483 prodit.
829 2375 1049 2454 Acrimonia
1075 2379 1222 2482 spuria,
1266 2391 1339 2482 ope
1364 2381 1466 2484 prin·

341 2502 431 2605 cipii
456 2501 549 2576 acris
572 2501 768 2575 variorum
792 2497 1058 2600 vegetabilium
1085 2497 1234 2587 effecta,
1262 2511 1349 2602 post
1376 2525 1466 2574 neu·

341 2609 610 2697 trabeationem
630 2617 757 2693 addito
779 2615 854 2692 lali
874 2633 942 2694 aut
961 2633 1085 2708 natr0,
1107 2631 1221 2719 gustu
1242 2615 1351 2693 facile
1368 2617 1466 2693 dete·

340 2743 456 2843 gitur.
502 2732 655 2814 Metalla
686 2737 869 2828 admixta,
884 2777 888 2786 ·
904 2765 1002 2841 aqua
1028 2735 1397 2844 hydroaulphurata,
1426 2752 1465 2815 et

291 2903 295 2912 ·
339 2857 416 2936 lali
432 2857 716 2966 hydrocyenico
735 2857 975 2962 ferruginosa
995 2855 1250 2966 explorantur.

238 3175 462 3263 Acidum
490 3177 826 3262 muriaticum
854 3171 1090 3260 crudum.
1134 3173 1320 3290 Spiritus
1345 3169 1461 3272 solit.

295 3308 414 3394 Rohe
436 3307 675 3399 Solzari'ure.
720 3307 939 3423 Salzgeiat.
1021 3321 1024 3330 “

493 3514 756 3614 Praeparatum
789 3507 1011 3614 qfficcbantm
1043 3507 1280 3582 chamaam
1310 3535 1332 3579 e
1362 3519 1465 3579 navo

491 3637 675 3708 mareotico
699 3631 822 3704 addito
846 3627 949 3702 acuo
969 3627 1172 3731 szdplturr'co
1190 3643 1257 3700 aut
1264 3627 1370 3730 firm
1389 3625 1464 3698 sul-

488 3751 638 3854 phurato
664 3767 756 3826 usto.

390 3943 537 4048 Liquor
570 3941 718 4034 acidus,
755 3937 863 4015 albos
896 3950 962 4014 aut
993 3935 1217 4028 flavescens,
1259 3959 1368 4042 caepe
1401 3933 1465 4010 fua

339 4091 465 4158 mana,
514 4063 748 4152 corrosivua,
803 4060 918 4138 odore
955 4055 1166 4166 peculiari,
1201 4069 1351 4161 praeter
1389 4057 1464 4132 aci·
