3346 4722
718 305 921 454 ‹2⁸⁵›

206 527 379 614 minetur,
408 521 446 600 'et
466 549 536 628 per
558 519 741 599 tubulum
762 524 860 600 intm
882 519 1078 602 calcarium
1101 536 1224 600 usum
1247 521 1436 602 conduca-

206 659 283 737 tur,
311 642 495 748 quamdiu
512 642 560 718 ab
578 641 650 722 hoc
666 643 904 738 absorbetur.
941 641 1071 722 Pulvis
1094 656 1264 721 exemtus
1287 645 1328 720 in
1350 669 1436 721 vase

147 807 151 814 ·
205 764 305 841 bene
323 761 451 842 clauso
468 777 652 842 servetur.
706 799 716 810 ·
1418 780 1421 788 '

257 882 466 962 Deficiente
479 896 661 990 apparatu
673 881 785 961 facile
801 910 847 960 ex
866 882 1030 990 officinis
1043 882 1220 962 chemicis
1233 886 1432 962 coimitur.

484 1129 792 1234 Conserva
842 1133 1157 1232 Rosarum.

207 1325 266 1410 Il.
320 1323 491 1410 Florum
500 1325 696 1412 Rosamm
704 1325 917 1412 mbramm
928 1337 1138 1414 recentium
1147 1323 1293 1412 libram
1301 1353 1439 1412 unam.

257 1471 553 1552 Contunduntur
570 1477 611 1549 in
627 1477 810 1552 mortario
828 1473 995 1581 lapideo„
1015 1500 1088 1580 ope
1105 1474 1235 1580 pistilli
1255 1473 1370 1582 lignei
1390 1474 1437 1550 sd

73 1623 78 1630 '
206 1610 323 1717 pullis
340 1613 633 1690 consistentium.
677 1611 854 1690 Admisce

324 1748 511 1838 Sacchni
524 1749 718 1870 albissimi
731 1760 919 1866 pulvemti
934 1748 1054 1850 libras
1069 1747 1184 1838 duas-

139 2139 147 2146 ,
298 2017 638 2124 Decoctu'm
683 2018 1042 2121 Zittmanni
1087 2018 1339 2126 fortius.

208 2217 268 2303 R.
319 2213 478 2304 Radicis
502 2201 774 2332 Sarsapmillae
800 2225 971 2302 concisae
996 2217 1133 2302 uncias
1153 2213 1388 2306 duodecim.

258 2364 426 2444 Infunde

323 2493 465 2622 Aquuc
487 2507 717 2592 communis
741 2535 944 2591 mensuras
963 2506 1107 2619 viginti
1127 2527 1317 2622 quatuor,

209 2675 249 2738 et
272 2660 398 2765 digere
422 2687 492 2766 per
515 2652 632 2736 horas
645 2654 789 2764 viginti
803 2671 993 2767 quatuor.

210 2817 215 2821 ·
260 2781 363 2858 Tum
386 2780 520 2858 additis

141 2945 144 2951 ·
326 2917 512 3006 Succhari
537 2918 741 3006 aluminati
766 2920 886 3004 uncia
905 2947 986 3004 una
1004 2937 1047 3004 et
1065 2915 1248 3032 dimidiu,

272 3151 275 3158 Ι
323 3047 570 3163 Hydmrgyri
594 3052 795 3136 muriatici
817 3051 928 3135 mitis
951 3052 1070 3135 uncia
1089 3047 1272 3164 dimidia,

325 3177 558 3268 Cinnaboris
582 3203 822 3298 praeparatae
854 3179 1159 3296 drachmum,
1296 3199 1310 3210 '

211 3332 362 3418 sacculo
383 3333 500 3415 linteo
525 3333 694 3426 inclusis,
729 3363 852 3441 coque
872 3338 918 3413 ud
939 3341 1209 3417 remanentium
1231 3355 1438 3414 mensura·

211 3475 303 3532 rum
320 3465 431 3547 octo,
460 3453 533 3532 snb
550 3454 665 3531 finem
683 3458 866 3535 coctionis
882 3457 1053 3536 addendo

146 3661 155 3670 .
326 3593 498 3684 Seminis
522 3593 637 3680 Anisi

519 3723 732 3844 Foeniculi
753 3731 992 3840 singulorum
1008 3749 1257 3816 contusorum
1276 3755 1438 3812 moram

771 3849 999 3971 dimidiam

327 3987 538 4078 Foliorum
561 3985 718 4076 Sennse
740 3991 877 4074 uncias
899 4011 993 4102 tres,
