3346 4722
722 263 1146 476 (aa)

175 623 182 640 ·
202 568 205 574 ’
320 565 492 657 Gummi
508 569 802 683 Tragacanthae
818 609 907 660 cum
922 573 1063 692 Aquae
1078 582 1307 665 communis
1325 591 1433 670 autfi-

654 787 661 798 ,
757 705 878 782 ciente
890 697 1100 809 quantitate
1116 711 1156 784 in
1169 711 1437 817 mucilaginem
1545 791 1547 797 s

757 824 898 900 redacti
915 841 1104 928 quantum
1118 832 1333 933 requiritur

90 965 93 970 “
201 969 246 1035 ut
269 956 336 1035 fiat
359 957 444 1064 lege
466 960 552 1036 artis
575 986 707 1050 massa,
730 987 776 1037 ex
801 989 877 1065 qua
901 962 1117 1042 formentur
1137 967 1330 1046 trochisci.

384 1199 716 1308 Trochisci
754 1205 1249 1353 Ipecacuanhae.

27 1425 30 1432 ¹
133 1452 138 1458 .
203 1386 261 1470 R.
321 1381 482 1472 Radicis
500 1387 796 1500 Ipecacuanhae
822 1403 993 1480 concisae
1019 1391 1226 1497 drachnma
1247 1393 1360 1482 duas.

253 1521 424 1602 Infunde
1203 1547 1210 1558 '

318 1649 707 1772 Aquae'commmris
731 1663 898 1746 fervidae
911 1667 1160 1772 quantitatem
1173 1669 1431 1760 sufficientem,

203 1811 242 1876 et
259 1812 362 1994 miii}
374 1829 445 1904 per
462 1791 621 1909 aliquot
638 1795 756 1880 horas
779 1802 867 1884 loeo
888 1803 1022 1882 calido.
1065 1801 1266 1883 Colaturac
1283 1832 1434 1912 expres-

204 1945 266 1996 aae
291 1948 312 1994 a
364 1947 385 1996 e

318 2046 491 2136 Gummi
506 2049 805 2162 Tragacanthae
830 2055 1018 2164 pulverati
1036 2071 1223 2162 qnantum
1241 2063 1328 2138 antis

202 2198 248 2261 ut
270 2185 335 2261 fiat
358 2211 448 2262 cum
571 2207 575 2217 “
1176 2285 1177 2288 ¹

322 2311 509 2401 Sacchari
528 2314 721 2400 albissimi
746 2321 934 2429 pulverati
962 2315 1091 2398 unciis
1110 2311 1287 2400 sedecim

167 2481 169 2484 ·
202 2449 336 2542 maaca,
360 2477 408 2528 ex
431 2479 507 2556 qua
528 2451 743 2530 formentur
762 2449 846 2556 lege
866 2454 955 2530 artie
978 2449 1168 2530 trochisci.
1197 2431 1199 2434 ⁵

410 2711 819 2852 Unguentum
862 2707 1224 2848 Aeruginis.

537 2872 791 2970 (Unguentum
807 2872 1102 2970 Aegyptiorum.)

203 3007 261 3092 R.
319 3005 448 3120 Cupri
466 3008 608 3092 acetici
633 3014 819 3122 pulverati
847 3008 1011 3091 unciam
1029 3029 1169 3117 unam,
1311 3061 1316 3070 -

318 3135 472 3222 Tartari
492 3135 676 3254 depurati
694 3137 832 3223 uncias
847 3158 941 3222 tres.

254 3273 390 3378 Coque
413 3285 504 3352 cum

320 3401 462 3518 Aquae
482 3404 712 3487 communis
735 3413 941 3489 sufficiente
957 3414 1179 3516 quantitate,

201 3539 322 3617 donec
339 3543 426 3617 eatis
446 3537 570 3616 soluta
586 3539 744 3626 fuerint,
773 3537 877 3614 Tum
891 3535 988 3627 eola3
1003 3552 1041 3614 et
1054 3537 1184 3643 liquor-
1195 3536 1272 3615 leni
1287 3539 1374 3642 igne
1386 3539 1433 3614 ad

202 3661 408 3737 siccitatem
437 3672 628 3762 evaporet.
681 3657 896 3735 vResiduum
923 3661 1001 3768 adri
1031 3656 1191 3736 humido
1218 3661 1432 3765 expositum

201 3794 336 3885 sponte
355 3777 554 3882 liquescat,
583 3792 621 3854 et
638 3777 783 3883 liquori
803 3776 929 3856 aoluto
950 3775 1111 3856 admisce

211 3931 219 3940 '
315 3905 453 3994 Mettis
472 3909 703 3992 communis
721 3903 1110 4002 unciasduodecim.

115 4047 118 4054 ’
253 4043 311 4124 Sit
333 4046 595 4122 consistentiae
616 4043 850 4150 mellaginis,.
866 4041 1005 4122 coloris
1025 4043 1142 4138 fusci·
1166 4044 1376 4124 turbidum.
