3392 4742
558 243 643 320 ⁷
753 337 929 452 ‹⁷1›

234 551 475 669 Magnesia
505 549 762 637 carbonioa
789 549 987 636 venalis
1045 549 1257 636 Carbones
1281 579 1457 670 magne-

285 694 397 770 sicus
412 715 511 767 aum
524 713 638 802 aqna
651 713 745 766 oen.
776 678 1005 792 Kdafiiohe
1019 679 1294 766 lobiensem
1302 685 1457 766 Bitten

287 817 398 902 arde.
448 815 694 930 Magnesia.

374 1076 377 1090 ι
483 992 765 1090 Praeparetur
748 1016 785 1062 m
804 985 953 1091 affictus
970 987 1134 1062 cbemrba's
1151 1015 1172 1061 e
1189 995 1369 1090 magnesia
1382 989 1457 1064 sul-

481 1109 645 1210 plrurzba

383 1265 605 1347 salterium
625 1265 805 1354 referens,
830 1264 1048 1355 cohaerens,
1070 1261 1178 1342 valde
1199 1201 1456 1360 friabilisfm-

331 1391 512 1494 quinans,
539 1385 768 1476 levissimus,
793 1383 926 1475 a'lbus,
959 1387 1000 1462 in
1024 1383 1122 1490 aqua
1148 1385 1229 1464 fere
1255 1386 1456 1484 indissolu-

332 1507 433 1600 bilis,
449 1509 668 1611 emagnesia
681 1521 718 1583 et
730 1503 837 1582 acido
848 1505 1050 1584 carbonioo
1070 1521 1255 1583 constans.
1286 1505 1344 1583 Sit
1359 1535 1457 1612 puna

331 1655 402 1706 nec
427 1631 621 1732 inquinata
647 1623 802 1704 calcaria
828 1625 1047 1733 sathanica,
1081 1653 1179 1729 quae
1204 1624 1356 1730 liquore
1381 1624 1456 1702 lali

333 1747 469 1828 oxalici
494 1775 515 1824 e
541 1746 729 1824 solutione
750 1748 959 1849 magnesiae
984 1747 1026 1820 in
1052 1744 1160 1824 acido
1186 1749 1323 1822 uitrico
1349 1774 1455 1850 pase-

332 1871 478 1974 cipitari
493 1881 630 1972 potest.
646 1865 732 1943 Kali
746 1880 812 1942 aut
824 1879 976 1942 nstrum
991 1867 1236 1943 carbonioum
1248 1869 1457 1970 magnesiae

333 1988 554 2066 carbonanae
566 1987 742 2075 admixta
759 1985 1032 2088 dignoscuntur
1043 1985 1236 2063 infusione
1249 2013 1369 2090 aquae
1382 1986 1457 2062 ser·
1493 2015 1496 2018 ·

330 2111 468 2208 ventis,
496 2133 595 2210 quae
616 2104 690 2180 leli
711 2118 777 2180 aut
797 2117 948 2180 nattum
970 2105 1217 2182 canbonioum
1235 2109 1456 2214 praesertim

331 2203 462 2318 solvit,
498 2229 782 2332 evaporatione,
817 2238 856 2300 et
882 2227 1016 2302 'iterata
1046 2223 1277 2304 solutione
1266 2254 1307 2302 m
1327 2254 1456 2332 'aquae

331 2375 444 2454 parva
471 2331 594 2451 copia.
1283 2367 1286 2374 '

179 2587 498 2702 Magnesia
534 2586 846 2702 sulphurica
883 2583 1044 2670 cruda
1087 2623 1155 2673 seu
1197 2585 1283 2672 sal
1320 2618 1456 2672 ama·
1559 2557 1588 2712 ’ν

288 2747 373 2805 rus
411 2715 621 2838 crudus.
683 2717 869 2834 Sulpbas
905 2728 1170 2836 magnesiam
1207 2747 1306 2802 com
1342 2751 1457 2835 aqua

286 2837 456 2936 crudos.
499 2847 619 2932 Ilolze
641 2845 838 2966 sclaaffel
835 2878 959 2932 saure
978 2847 1208 2934 Bittererde
1231 2860 1318 2934 oder
1338 2849 1456 2938 rohes

286 2979 521 3068 Bittersalz.
604 2993 613 3002 '

483 3145 746 3245 Prnepurutum
771 3141 993 3248 ffcrizamm
1021 3143 1257 3219 chemt'oarum
1288 3173 1353 3222 neo
1383 3174 1456 3221 nou

483 3265 677 3338 salinarum
702 3293 723 3338 e
748 3265 871 3338 le'xivz'o
895 3265 982 3339 salis
1001 3269 1208 3338 communis.

382 3423 447 3501 Sal
464 3425 502 3500 in
523 3422 747 3531 crystallulis
766 3426 1003 3530 ptismatiois,
1025 3423 1322 3532 splendentibus,
1344 3425 1453 3518 albis,

262 3637 266 3644 ⁸
330 3549 372 3622 in
391 3563 515 3650 aquae,
534 3544 679 3623 duabus
700 3545 870 3650 partibus
891 3544 1131 3638 solubilibus,
1154 3549 1195 3622 in
1215 3552 1300 3623 atre
1319 3575 1456 3652 parum

330 3665 604 3756 fatiscentibus,
621 3668 763 3772 saporis
776 3669 904 3755 amari,
925 3669 1159 3770 emagnesia,
1175 3665 1282 3743 acido
1295 3666 1455 3773 sulphu-

332 3789 412 3864 rico
437 3801 475 3862 et
500 3813 598 3890 aqua
623 3799 809 3863 constans.
849 3784 1055 3888 Rejiciatun
1074 3811 1195 3891 cupro
1217 3800 1255 3864 et
1273 3786 1374 3866 ferro
1396 3792 1455 3865 in-

270 3987 273 3998 ,
332 3910 525 4009 quinatus,
546 3903 674 3984 colore
692 3904 978 4008 dignoscendus.
1010 3907 1091 4006 Qui
1111 3910 1298 4012 magnesia
1314 3911 1454 3986 murin-

329 4028 404 4104 tica
423 4029 563 4104 mixtus
584 4040 653 4116 est,
675 4028 750 4102 aeri
771 4029 962 4131 expositus
984 4025 1164 4104 humidus
1185 4025 1239 4106 fit.
