3392 4742
759 337 777 447 (
818 329 874 423 75
915 335 934 446 )
1161 459 1165 466 Ι

233 545 556 638 Matricaria.
586 521 773 630 Herba.
834 541 1140 630 Matterkruat.
1201 521 1206 530 ¹

186 805 192 820 .
289 731 544 846 Pyretbram
578 730 860 816 Parthenium
893 729 1047 820 Smith.
1121 739 1259 815 Planta
1293 744 1459 840 perennis

289 867 518 981 Germanice.

384 1023 513 1100 Herba
536 1021 692 1110 florens,
726 1021 887 1098 floribus
914 1021 1130 1124 compositis
1155 1017 1323 1110 rediatis,
1356 1018 1460 1096 diseo

334 1143 448 1232 flavo,
477 1143 582 1220 radio
603 1142 704 1232 albo,
733 1140 834 1218 foliis
854 1139 1005 1216 alternis
1024 1137 1307 1245 bipinnutifidis‚
1332 1140 1460 1242 pinnis

335 1265 459 1339 antiee
485 1261 784 1352 confluentibus,
813 1259 1005 1363 oblongis,
1034 1257 1282 1366 pinnatifidie,
1318 1259 1457 1344 incisis,

335 1382 463 1472 hirtis,
499 1379 605 1459 caule
632 1381 828 1485 ungulato,
864 1383 1007 1485 saporis
1038 1381 1154 1456 amari
1185 1393 1223 1455 et
1252 1379 1457 1456 aromatici.

335 1501 553 1606 Colligenda
578 1527 706 1578 mense
729 1503 844 1578 Iunio
871 1514 909 1576 et
933 1499 1048 1577 Iulio.

114 1769 120 1776 ·
236 1731 356 1822 Mel.
415 1733 582 1847 Honig.

374 1965 378 1970 ·
489 1928 635 2001 Humor
662 1943 829 1999 excretus
862 1915 976 2030 Apis
1015 1911 1236 2024 mellficcte
1272 1913 1405 2000 Linn.
1440 1956 1461 1999 e

478 2045 635 2138 floribus
660 2045 838 2119 collectus.

386 2216 594 2322 Liquidum
626 2217 931 2324 spissiusculum,
969 2217 1308 2312 albo-flavescens,
1345 2225 1461 2326 magis

337 2343 510 2417 minusve
535 2341 576 2414 in
602 2339 755 2416 fuscum
779 2366 936 2444 vergens
960 2338 1142 2430 colorem,
1170 2367 1300 2418 recens
1324 2368 1461 2446 aequa·

337 2459 429 2552 bile,
458 2473 651 2536 vetustum
673 2459 1183 2568 grandom-crystallinum,
1212 2465 1353 2567 saporis
1376 2459 1460 2536 dul-

339 2585 406 2672 cis,
435 2579 560 2657 odoris
582 2579 795 2685 peculiaris.
837 2582 958 2686 Saepe
977 2582 1098 2657 farine
1119 2579 1371 2659 adulteratum
1389 2595 1458 2674 est,

339 2727 437 2804 quae
467 2697 695 2776 solutione
686 2728 848 2804 meque
876 2729 954 2778 non
982 2700 1166 2778 bulliente
1190 2716 1358 2778 remanet
1382 2729 1461 2780 non
1484 2710 1486 2722 '

231 2871 237 2882 ·
338 2818 474 2898 soluta.
530 2819 682 2924 Species
705 2834 813 2896 sunt.

414 2937 511 3015 Mel
537 2937 696 3015 album
721 2967 787 3016 seu
813 2941 1100 3044 virgineum,
1134 2941 1299 3042 (wefier
1320 2949 1458 3048 Hom'g,

465 3061 796 3163 Jnngsembomg)
844 3059 948 3164 quod
983 3075 1117 3167 sponte
1151 3089 1173 3136 e
1205 3061 1300 3140 sevis
1332 3069 1461 3170 apium

399 3183 602 3272 effluit,

416 3273 509 3378 Mel
529 3327 773 3378 commune
794 3327 860 3378 seu
880 3299 1075 3392 slavum,
1098 3305 1461 3410 (gemeinerHom'g,)

469 3419 581 3524 quod
599 3419 723 3498 calore
748 3435 786 3498 et
808 3425 1000 3526 pressione
1024 3451 1045 3498 e
1069 3421 1163 3499 favis
1189 3423 1349 3514 eiicitur.

241 3607 495 3697 Melilotus
520 3608 711 3692 citrina.
739 3606 896 3692 Herba
920 3638 1027 3692 cum
1049 3607 1185 3694 flore.
1217 3611 1461 3698 Meliloten-

353 3737 480 3824 limet
496 3736 1150 3829 mitBlnmen.Ste1nltleekrant
1166 3743 1457 3830 mitBlamen.

236 3891 376 3976 Me
376 3889 520 3974 libius
537 3887 746 4004 cfficinal
729 3919 765 3974 ts
785 3889 929 3976 W
849 3889 929 3976 ι
930 3902 1115 3976 .Planu
1133 3925 1258 3974 annne
1271 3929 1339 4024 per,
1352 3920 1460 3979 totam

297 4025 526 4098 Germanum
538 4023 730 4125 fiequens.

1086 4139 1175 4262 Ke,
