3352 4736
730 356 933 512 (¹175)
1006 427 1009 432 .

269 573 437 648 Immitto
450 571 490 646 in
504 565 760 657 crucibulum,
782 581 820 646 et
837 570 924 671 igne
937 569 1105 671 primum
1117 565 1254 641 leniori
1268 562 1354 642 dein
1366 563 1448 640 for·

219 694 306 768 tiori
320 719 402 780 ure,
427 691 547 768 donec
568 715 725 792 vapores
745 687 945 764 ascendere
963 686 1139 762 desierint
1157 699 1195 762 et
1214 711 1331 761 massa
1343 681 1447 761 colo-

219 807 489 888 rcm'rubrum
511 809 690 884 induerit.
732 809 821 883 Post
846 807 1169 908 refrigerationem
1192 831 1349 880 massam
1376 829 1448 907 ope

219 915 362 1030 Aquae
381 911 601 998 destillatae
631 927 831 1030 coquendo
853 939 891 1001 et
911 921 1099 1002 abluendo
1119 953 1140 998 a
1156 921 1351 1028 particulis
1370 919 1449 998 sali·
1553 923 1554 926 '

218 1035 278 1120 nis
295 1041 425 1130 libera,
450 1057 487 1119 et
499 1042 696 1148 pulverem
716 1043 1001 1122 subtilissimum
1023 1043 1110 1119 inde
1126 1043 1327 1120 obtentum
1344 1041 1449 1118 rulo·

218 1161 373 1240 fuscum
391 1167 487 1240 sicca
508 1177 545 1238 et
562 1164 660 1240 bene
677 1191 794 1241 serra.

310 1495 573 1596 Ferrum
611 1489 1036 1637 oxydulatum
1081 1474 1362 1633 nigrums

424 1663 612 1765 (Aethiops
630 1663 813 1738 maricolis.
849 1663 1025 1764 Oxydum
1035 1663 1244 1764 ferrosum.)

92 1953 97 1970 Ι
219 1839 279 1924 R.
336 1839 446 1926 Ferri
470 1839 635 1954 oxydati
660 1841 776 1954 susci,
808 1866 995 1957 quantum
1016 1849 1150 1956 placet.

270 1989 396 2066 Irrora
774 1995 777 2000 ’

337 2113 429 2202 Olei
452 2113 661 2202 Olivamm
682 2127 890 2229 quantitate
903 2123 1120 2212 sufficiente,

219 2275 266 2340 ut
278 2261 343 2338 fiat
354 2261 480 2368 pulvis
493 2259 810 2347 humidiusculus‚
829 2262 896 2363 qui
911 2263 950 2334 in
965 2257 1078 2336 ollam
1091 2263 1249 2363 griseam
1261 2263 1448 2340 immissus

220 2397 259 2460 et
277 2379 448 2460 obtectus
461 2409 531 2488 per
544 2383 677 2460 horam
695 2376 885 2456 dimidiam
903 2383 990 2482 igne
1007 2381 1261 2459 excandescat.
1290 2382 1449 2460 Massam

220 2503 477 2606 refrigeratam
503 2505 694 2610 nigerrimi
721 2499 878 2594 coloris,
906 2497 1042 2604 rejecta
1068 2504 1282 2606 superiore,
1311 2501 1449 2580 coloris

220 2624 346 2698 minus
366 2622 533 2713 obscuri,
562 2625 696 2710 exime,
721 2635 800 2696 tere
819 2634 864 2695 ut
883 2618 1084 2724 fiatpulvis
1102 2620 1381 2712 subtilissimus,
1411 2637 1449 2698 et

220 2745 261 2818 in
276 2745 376 2818 vitro
394 2741 493 2817 bene
512 2743 690 2818 obturato
709 2766 826 2817 serva.

269 2860 434 2938 Nimiam
459 2861 631 2938 carbonis
651 2863 799 2964 copiam
817 2884 895 2936 non
915 2859 1115 2946 contineat,
1141 2885 1239 2962 quae
1261 2859 1449 2938 solutione

221 2983 263 3058 in
282 2979 388 3058 acido
407 2983 606 3058 muriatico
627 2971 873 3083 conspicitur.

462 3321 723 3452 Ferrum
769 3313 1198 3460 pulveratum.

525 3487 725 3584 (botulum
747 3487 878 3560 Martis
893 3487 1138 3587 praeparata.)

279 3663 447 3750 Ferrum
466 3670 555 3746 lima
580 3675 619 3748 in
647 3671 798 3752 scobem
819 3673 957 3776 redige,
986 3674 1026 3748 in
1049 3673 1227 3751 mortario
1246 3671 1371 3752 ferreo
1391 3701 1446 3753 as·
1536 3665 1544 3686 ’

223 3794 329 3872 sidus
350 3809 443 3886 tere,
481 3807 520 3870 et
537 3791 666 3899 pollen
686 3792 969 3870 subtilissimum
996 3795 1448 3896 nigrescenti=cinereum

222 3913 407 3992 metallice
432 3913 651 4019 splendens,
687 3941 756 4020 per
785 3913 945 3990 linteum
978 3911 1246 4019 separandum,
1282 3916 1321 3990 in
1347 3917 1446 3992 vitro

221 4033 320 4112 bene
338 4034 515 4113 obturato
536 4060 655 4111 serva.
