3392 4742
754 365 956 480 (108)

106 661 111 668 .
244 577 519 666 Succinum.
557 575 729 664 Oleum
764 575 980 690 crudum
1030 577 1467 664 RohesBernster'rnil.

496 767 658 840 Paratur
687 769 726 837 in
754 761 903 866 offict'nt's
932 763 1097 856 clzemr'crls
1121 763 1356 839 destillatrone
1378 773 1469 840 sz'cca

497 911 642 960 succlnt.

394 1055 534 1134 Oleum
562 1059 940 1163 empyreumaticum‚
973 1055 1271 1162 spissinsculum‚
1300 1056 1466 1148 fuscum,

345 1175 463 1254 odore
486 1178 734 1252 bituminoso.
775 1175 916 1254 Addito
943 1177 1048 1256 acido
1071 1179 1209 1254 nitrico
1229 1190 1468 1254 concentrato

344 1295 548 1385 incalescit,
571 1323 679 1400 saepe
697 1296 953 1372 inflammatur
970 1311 1008 1372 et
1022 1295 1203 1400 relinquit
1214 1323 1371 1374 massam
1387 1324 1468 1373 mo·
1561 1315 1567 1320 “

344 1415 480 1492 schum
507 1415 786 1518 quodammodo
813 1414 1057 1492 redolentem.
1103 1417 1161 1491 Ne
1182 1419 1230 1492 sit
1252 1414 1337 1494 oleo
1354 1419 1469 1493 Tere·

342 1535 538 1628 binthinae
556 1538 810 1639 inquinatum.
839 1539 882 1612 P.
898 1563 999 1640 spec.
1015 1569 1061 1607 =
1075 1547 1112 1626 0,
1124 1540 1212 1612 886.

244 1811 478 1926 Sulphur
510 1773 775 1896 vcitrinum
814 1846 882 1896 seu
924 1812 975 1895 in
1018 1810 1243 1896 baculis.
1315 1813 1472 1899 Gelber

298 1943 400 2028 oder
425 1938 865 2060 StartgenssSchwqsel.
997 2035 1001 2040 ,

496 2095 728 2198 Elrtyuatnre
746 2095 887 2168 ntinerz’s
903 2091 1057 2192 sulphur
1071 2096 1328 2168 munerantes
1347 2099 1384 2168 in
1400 2121 1469 2168 va-
1548 2111 1554 2124 ·

498 2219 558 2287 rt't's
580 2215 676 2288 locta.

394 2385 553 2461 Materia
579 2381 854 2460 inflammabilis
885 2387 925 2458 in
955 2381 1146 2489 cylindros
1172 2383 1346 2476 formata,
1377 2385 1467 2461 fria·

344 2503 444 2595 bilis,
470 2501 599 2582 colone
616 2507 766 2594 citrino,
796 2503 913 2581 odore
933 2505 1141 2580 suffocante
1161 2517 1198 2582 et
1216 2505 1365 2582 flamma
1383 2533 1467 2585 coe-

344 2623 451 2717 rulea
478 2625 717 2704 comburens.

246 2927 493 3043 Sulphur.
535 2931 732 3028 Flores,
791 2925 1187 3044 Schwefhlblrrnwn.

498 3137 770 3236 Praeparantm·
781 3137 818 3206 in
831 3131 981 3233 officinis
992 3131 1156 3206 chemicis
1168 3159 1189 3204 e
1201 3131 1388 3233 scalptura,
1403 3149 1469 3206 aut

496 3282 517 3326 e
534 3259 675 3328 mineris
692 3251 845 3354 sulphur
860 3253 1130 3349 connitentibus,
1158 3252 1414 3326 sublimatrorte.

395 3439 524 3519 Pulvis
555 3437 819 3521 subtilissimus
852 3439 987 3519 coloris
1019 3444 1165 3530 citrini,
1203 3445 1290 3544 igne
1319 3440 1468 3517 flamma

345 3561 520 3641 coemlea
532 3561 758 3639 comburens
772 3576 809 3638 et
817 3589 880 3665 gas
893 3559 1164 3668 sulphurosum
1176 3562 1361 3638 suffocans
1370 3559 1469 3637 evol·

344 3711 449 3760 vens.
488 3681 578 3759 Non
608 3679 730 3760 elotus
754 3681 861 3759 acido
891 3679 1113 3786 sulphurico
1146 3679 1368 3758 adhaerente
1394 3678 1468 3786 ple·

344 3829 510 3908 rumque
527 3805 762 3906 inquinatur.
792 3801 893 3879 Cave
909 3827 959 3876 ne
976 3797 1139 3904 sulphur
1151 3803 1198 3877 sit
1210 3803 1379 3878 ersenieo
1397 3827 1468 3878 nec
1561 3807 1564 3814 ⁴

347 3919 487 3998 selenio
511 3927 768 4027 inquinatum,
798 3919 926 4016 colore
949 3919 995 3996 ad
1018 3922 1275 3997 aurantiacum
1292 3935 1468 4023 vergente

346 4044 606 4147 conspicuum.
