3392 4742
771 360 974 478 (152)
1099 381 1101 388 ¹

263 579 346 652 simi
368 589 491 680 partes
512 574 686 678 aequales
710 601 810 652 nova
830 581 1019 679 quantitas
1040 571 1306 682 crystallorum
1327 583 1488 684 separari

262 711 383 800 potest
403 698 567 800 aprimie
585 722 665 773 non
684 698 756 772 nisi
774 695 1032 800 magnitudine
1045 695 1351 806 discrepantium.
1378 700 1424 775 In
1436 703 1488 776 vi·

262 829 323 892 tro
342 816 439 891 bene
460 815 587 893 clauso
611 843 727 892 serva.

312 935 406 1012 Sint.
423 933 588 1041 crystalli
610 934 748 1012 coloris
768 933 932 1012 coerulei
946 941 1100 1014 saturati
1124 951 1269 1015 etcum
1291 965 1409 1042 aquae
1430 941 1487 1016 de

263 1053 419 1131 stillatae
436 1069 542 1166 parte
559 1082 636 1130 una
657 1083 745 1134 cum
765 1055 918 1132 dimidia
934 1056 1162 1136 solutionem
1176 1055 1370 1164 limpidam
1386 1087 1487 1165 prae

169 1265 173 1270 Ι
262 1175 386 1251 beant.

401 1299 525 1370 Dosr's:
550 1297 602 1368 ad
619 1299 783 1372 Granum
811 1322 935 1370 unum.

467 1620 746 1760 Cuprum
796 1613 1270 1759 sulphuricum.

337 1784 351 1882 (
357 1786 399 1859 V
396 1784 547 1859 1111011011
567 1785 616 1872 de,
634 1785 769 1885 Cypro.
803 1784 964 1882 Sralphas
983 1791 1145 1887 cuprr'cus
1163 1813 1242 1861 curn
1264 1787 1409 1891 Aqua.)

260 1957 318 2037 R.
374 1964 647 2040 Ramentorum
669 1953 794 2070 Cupri
810 1977 964 2072 partem
978 1987 1117 2042 unam.

223 2136 230 2144 ·
309 2104 474 2177 Immitto
500 2107 541 2176 in
566 2117 746 2180 retortam
771 2107 927 2181 vitream
953 2119 990 2180 et
1016 2105 1166 2182 affunde
1229 2187 1233 2194 ,

372 2237 494 2328 Acidi
511 2239 732 2360 sulphurici
752 2240 867 2330 crudi
882 2264 1011 2358 partes
1031 2265 1109 2329 tres

258 2401 366 2464 antea
390 2415 481 2464 cum

371 2528 512 2643 Aquae
531 2526 750 2612 destillotae
769 2551 880 2643 parte
898 2560 979 2613 una

259 2679 420 2752 mixtas.
449 2675 645 2751 Retortam
672 2681 712 2750 in
737 2676 873 2754 balneo
900 2705 1034 2754 arenae
1061 2681 1138 2780 igni
1164 2705 1311 2784 expone
1343 2693 1387 2757 ut
1413 2707 1480 2757 cu·

257 2823 369 2900 prum
375 2851 385 2886 ,
401 2795 584 2898 abigendo
598 2797 748 2872 acidum
761 2795 1047 2900 sulphurosum,
1071 2799 1247 2876 solvatur.
1271 2797 1420 2877 solutio
1437 2801 1483 2875 ad

258 2919 401 2992 siccum
422 2930 611 3019 evaporet.
652 2917 811 2994 Massam
831 2933 1085 2994 remanentem
1106 2922 1306 2995 contritam
1326 2921 1367 2992 in

370 3053 511 3166 Aquae
528 3051 746 3166 destillatae
765 3052 940 3142 fervidae
959 3056 1166 3166 quantitate
1185 3067 1388 3141 sufficiente

258 3198 431 3290 dissolve,
460 3197 628 3277 solutum
649 3200 761 3292 filtra,
791 3218 828 3278 et
848 3201 928 3308 lege
947 3204 1036 3278 artis
1057 3205 1097 3276 in
1119 3200 1315 3307 crystallus
1340 3203 1478 3306 redige,

258 3347 351 3424 quas
364 3323 477 3396 siccas
489 3345 607 3396 serva.

307 3436 482 3544 Crystalli
503 3465 661 3542 cyaneae
683 3439 786 3518 11110
805 3446 967 3518 etzinco
987 3439 1209 3546 sulphurico
1228 3446 1303 3520 sint
1325 3443 1477 3522 liberae.

257 3560 426 3634 Primum
444 3560 684 3660 cognoscitur
700 3561 730 3634 si
748 3558 899 3662 liquore
917 3563 1096 3638 ammonii
1110 3563 1264 3637 caustici
1277 3589 1356 3638 non
1368 3561 1479 3666 plane

258 3675 471 3754 solvuntur.
506 3677 668 3753 Zincum
692 3677 969 3781 sulphum'cum,
998 3681 1038 3755 in
1059 3679 1248 3756 solutione
1274 3686 1384 3788 cupri
1405 3679 1482 3758 sul-

258 3795 407 3900 phurici
426 3823 515 3872 cum
532 3795 638 3872 acido
652 3794 872 3900 sulphurico
886 3801 1014 3890 mixta,
1035 3813 1122 3904 post
1135 3803 1483 3904 praecipitationem

260 3917 366 4018 cupri
385 3915 509 3992 addito
527 3915 634 3993 acido
652 3915 1013 4022 hydrosulphurato,
1036 3925 1220 4012 remanet,
1242 3917 1317 3996 lali
1335 3935 1402 3998 aut
1422 3947 1482 3997 na-

258 4048 318 4110 110
338 4032 541 4113 sorbonico
559 4035 818 4139 detegendum.
937 4085 941 4096 ·
